<?xml version="1.0" encoding="UTF-8"?>
<!DOCTYPE html PUBLIC "-//W3C//DTD XHTML 1.0 Transitional//EN"
    "http://www.w3.org/TR/xhtml1/DTD/xhtml1-transitional.dtd">
<html xmlns="http://www.w3.org/1999/xhtml" xml:lang="en" lang="en">
 <head>
  <title>
</title>
<meta http-equiv="Content-Type" content="text/html;charset=utf-8" />
  <meta name='ocr-system' content='tesseract 3.04.00' />
  <meta name='ocr-capabilities' content='ocr_page ocr_carea ocr_par ocr_line ocrx_word'/>
</head>
<body>
  <div class='ocr_page' id='page_1' title='image "./historiarumlibr01livyuoft_0682.png"; bbox 0 0 1436 2462; ppageno 0'>
   <div class='ocr_carea' id='block_1_1' title="bbox 214 105 1012 152">
    <p class='ocr_par' dir='ltr' id='par_1_1' title="bbox 214 105 1012 152">
     <span class='ocr_line' id='line_1_1' title="bbox 214 105 1012 152; baseline 0.013 -13"><span class='ocrx_word' id='word_1_1' title='bbox 214 105 310 152; x_wconf 66' lang='lat'>608)</span> <span class='ocrx_word' id='word_1_2' title='bbox 578 111 1012 149; x_wconf 65' lang='lat' dir='ltr'><strong><em>BREVIA‘RIVn</em></strong></span> 
     </span>
    </p>
   </div>
   <div class='ocr_carea' id='block_1_2' title="bbox 183 224 1406 2269">
    <p class='ocr_par' dir='ltr' id='par_1_2' title="bbox 187 224 1388 1533">
     <span class='ocr_line' id='line_1_2' title="bbox 213 224 1388 290; baseline 0.011 -27"><span class='ocrx_word' id='word_1_3' title='bbox 213 225 444 272; x_wconf 84' lang='lat' dir='ltr'><strong><em>Herennii,</em></strong></span> <span class='ocrx_word' id='word_1_4' title='bbox 490 224 579 264; x_wconf 81' lang='lat' dir='ltr'><strong><em>viri</em></strong></span> <span class='ocrx_word' id='word_1_5' title='bbox 603 224 731 278; x_wconf 82' lang='lat' dir='ltr'><strong><em>longe</em></strong></span> <span class='ocrx_word' id='word_1_6' title='bbox 757 225 1088 287; x_wconf 74' lang='lat' dir='ltr'><strong><em>prudentiffimi,</em></strong></span> <span class='ocrx_word' id='word_1_7' title='bbox 1119 229 1250 290; x_wconf 55' lang='lat' dir='ltr'><strong><em>filioj</em></strong></span> <span class='ocrx_word' id='word_1_8' title='bbox 1307 233 1388 288; x_wconf 58' lang='lat' dir='ltr'><strong><em>qui</em></strong></span> 
     </span>
     <span class='ocr_line' id='line_1_3' title="bbox 215 273 1384 344; baseline -0.001 -24"><span class='ocrx_word' id='word_1_9' title='bbox 215 284 512 324; x_wconf 84' lang='lat' dir='ltr'><strong><em>Romanorum</em></strong></span> <span class='ocrx_word' id='word_1_10' title='bbox 519 273 775 337; x_wconf 85' lang='lat' dir='ltr'><strong><em>superbiam</em></strong></span> <span class='ocrx_word' id='word_1_11' title='bbox 792 283 1003 333; x_wconf 80' lang='lat' dir='ltr'><strong><em>increpat.</em></strong></span> <span class='ocrx_word' id='word_1_12' title='bbox 1055 293 1101 327; x_wconf 71' lang='grc' dir='ltr'><strong><em>Ω.</em></strong></span> <span class='ocrx_word' id='word_1_13' title='bbox 1125 288 1240 344; x_wconf 70' lang='lat' dir='ltr'><strong><em>Ejus</em></strong></span> <span class='ocrx_word' id='word_1_14' title='bbox 1283 300 1384 327; x_wconf 76' lang='lat' dir='ltr'><strong><em>rau..</em></strong></span> 
     </span>
     <span class='ocr_line' id='line_1_4' title="bbox 212 330 1384 403; baseline 0.004 -27"><span class='ocrx_word' id='word_1_15' title='bbox 212 337 267 377; x_wconf 83' lang='lat' dir='ltr'><strong><em>de</em></strong></span> <span class='ocrx_word' id='word_1_16' title='bbox 290 334 435 374; x_wconf 84' lang='lat' dir='ltr'><strong><em>inlecti</em></strong></span> <span class='ocrx_word' id='word_1_17' title='bbox 453 330 641 393; x_wconf 87' lang='lat' dir='ltr'><strong><em>consules</em></strong></span> <span class='ocrx_word' id='word_1_18' title='bbox 659 335 872 374; x_wconf 79' lang='lat' dir='ltr'><em>Furculas</em></span> <span class='ocrx_word' id='word_1_19' title='bbox 907 336 1162 388; x_wconf 65' lang='lat' dir='ltr'><strong><em>Caudinas-,x</em></strong></span> <span class='ocrx_word' id='word_1_20' title='bbox 1180 336 1242 403; x_wconf 89' lang='lat' dir='ltr'><strong><em>sa</em></strong></span> <span class='ocrx_word' id='word_1_21' title='bbox 1282 354 1384 381; x_wconf 86' lang='lat' dir='ltr'><strong><em>uum</em></strong></span> 
     </span>
     <span class='ocr_line' id='line_1_5' title="bbox 213 387 1384 449; baseline 0.004 -20"><span class='ocrx_word' id='word_1_22' title='bbox 213 391 394 431; x_wconf 86' lang='lat' dir='ltr'><strong><em>duorum</em></strong></span> <span class='ocrx_word' id='word_1_23' title='bbox 423 402 559 443; x_wconf 80' lang='lat' dir='ltr'><strong><em>prope</em></strong></span> <span class='ocrx_word' id='word_1_24' title='bbox 585 387 798 428; x_wconf 86' lang='lat' dir='ltr'><strong><em>Caudium</em></strong></span> <span class='ocrx_word' id='word_1_25' title='bbox 816 389 1060 449; x_wconf 77' lang='lat' dir='ltr'><strong><em>angustias,</em></strong></span> <span class='ocrx_word' id='word_1_26' title='bbox 1094 393 1265 437; x_wconf 58' lang='lat' dir='ltr'><strong><em>intrant</em></strong></span> <span class='ocrx_word' id='word_1_27' title='bbox 1289 408 1384 435; x_wconf 87' lang='lat' dir='ltr'><strong><em>eas·</em></strong></span> 
     </span>
     <span class='ocr_line' id='line_1_6' title="bbox 213 441 1380 508; baseline 0.004 -25"><span class='ocrx_word' id='word_1_28' title='bbox 213 458 296 499; x_wconf 85' lang='lat' dir='ltr'><strong><em>que</em></strong></span> <span class='ocrx_word' id='word_1_29' title='bbox 326 456 429 482; x_wconf 84' lang='lat' dir='ltr'><strong><em>mox</em></strong></span> <span class='ocrx_word' id='word_1_30' title='bbox 451 441 631 502; x_wconf 80' lang='lat' dir='ltr'><strong><em>hostium</em></strong></span> <span class='ocrx_word' id='word_1_31' title='bbox 653 443 787 482; x_wconf 90' lang='lat' dir='ltr'><strong><em>armis</em></strong></span> <span class='ocrx_word' id='word_1_32' title='bbox 819 452 862 482; x_wconf 86' lang='lat' dir='ltr'><strong><em>et</em></strong></span> <span class='ocrx_word' id='word_1_33' title='bbox 887 444 1058 501; x_wconf 81' lang='lat' dir='ltr'><strong><em>dejectu</em></strong></span> <span class='ocrx_word' id='word_1_34' title='bbox 1083 445 1283 491; x_wconf 59' lang='lat' dir='ltr'><strong><em>arborum</em></strong></span> <span class='ocrx_word' id='word_1_35' title='bbox 1299 443 1380 508; x_wconf 87' lang='lat' dir='ltr'><strong><em>sa-</em></strong></span> 
     </span>
     <span class='ocr_line' id='line_1_7' title="bbox 209 491 1383 556; baseline 0.005 -20"><span class='ocrx_word' id='word_1_36' title='bbox 209 510 449 550; x_wconf 68' lang='lat' dir='ltr'><strong><em>:corumque</em></strong></span> <span class='ocrx_word' id='word_1_37' title='bbox 463 491 625 556; x_wconf 81' lang='lat' dir='ltr'><strong><em>septas</em></strong></span> <span class='ocrx_word' id='word_1_38' title='bbox 655 497 893 537; x_wconf 87' lang='lat' dir='ltr'><strong><em>inveniunt.</em></strong></span> <span class='ocrx_word' id='word_1_39' title='bbox 965 507 1006 550; x_wconf 81' lang='lat'><strong><em>3.</em></strong></span> <span class='ocrx_word' id='word_1_40' title='bbox 1047 501 1150 541; x_wconf 56' lang='lat' dir='ltr'><strong><em>Nec&gt;</em></strong></span> <span class='ocrx_word' id='word_1_41' title='bbox 1169 501 1383 544; x_wconf 62' lang='lat' dir='ltr'><strong><em>Romanis</em></strong></span> 
     </span>
     <span class='ocr_line' id='line_1_8' title="bbox 211 550 1382 601; baseline 0.003 -8"><span class='ocrx_word' id='word_1_42' title='bbox 211 554 259 593; x_wconf 88' lang='lat' dir='ltr'><strong><em>in</em></strong></span> <span class='ocrx_word' id='word_1_43' title='bbox 288 561 379 591; x_wconf 86' lang='lat' dir='ltr'><strong><em>tam</em></strong></span> <span class='ocrx_word' id='word_1_44' title='bbox 402 550 612 601; x_wconf 81' lang='lat' dir='ltr'><em>trepidis,</em></span> <span class='ocrx_word' id='word_1_45' title='bbox 650 564 726 589; x_wconf 87' lang='lat' dir='ltr'><strong><em>nee</em></strong></span> <span class='ocrx_word' id='word_1_46' title='bbox 755 552 1021 593; x_wconf 82' lang='lat' dir='ltr'><strong><em>Samnitibus</em></strong></span> <span class='ocrx_word' id='word_1_47' title='bbox 1049 556 1096 595; x_wconf 89' lang='lat' dir='ltr'><strong><em>in</em></strong></span> <span class='ocrx_word' id='word_1_48' title='bbox 1127 563 1220 596; x_wconf 87' lang='lat' dir='ltr'><strong><em>tam</em></strong></span> <span class='ocrx_word' id='word_1_49' title='bbox 1250 555 1382 596; x_wconf 76' lang='lat' dir='ltr'><strong><em>laetis</em></strong></span> 
     </span>
     <span class='ocr_line' id='line_1_9' title="bbox 211 600 1383 665; baseline 0.004 -19"><span class='ocrx_word' id='word_1_50' title='bbox 211 605 336 648; x_wconf 84' lang='lat' dir='ltr'><strong><em>rebus</em></strong></span> <span class='ocrx_word' id='word_1_51' title='bbox 363 605 579 663; x_wconf 81' lang='lat' dir='ltr'><strong><em>confilium</em></strong></span> <span class='ocrx_word' id='word_1_52' title='bbox 601 600 814 665; x_wconf 80' lang='lat' dir='ltr'><strong><em>subpetit.</em></strong></span> <span class='ocrx_word' id='word_1_53' title='bbox 880 608 1124 649; x_wconf 80' lang='lat' dir='ltr'><em>Herennius</em></span> <span class='ocrx_word' id='word_1_54' title='bbox 1157 612 1383 651; x_wconf 84' lang='lat' dir='ltr'><strong><em>Romanos</em></strong></span> 
     </span>
     <span class='ocr_line' id='line_1_10' title="bbox 209 660 1384 714; baseline 0 -12"><span class='ocrx_word' id='word_1_55' title='bbox 209 661 280 702; x_wconf 80' lang='lat' dir='ltr'><strong><em>vel</em></strong></span> <span class='ocrx_word' id='word_1_56' title='bbox 308 673 435 714; x_wconf 87' lang='lat' dir='ltr'><strong><em>quam</em></strong></span> <span class='ocrx_word' id='word_1_57' title='bbox 468 660 654 710; x_wconf 87' lang='lat' dir='ltr'><strong><em>primum</em></strong></span> <span class='ocrx_word' id='word_1_58' title='bbox 687 660 927 700; x_wconf 84' lang='lat' dir='ltr'><strong><em>inviolatos</em></strong></span> <span class='ocrx_word' id='word_1_59' title='bbox 958 662 1268 710; x_wconf 76' lang='lat' dir='ltr'><strong><em>dimittendos-‚-</em></strong></span> <span class='ocrx_word' id='word_1_60' title='bbox 1310 662 1384 703; x_wconf 72' lang='lat' dir='ltr'><strong><em>vel</em></strong></span> 
     </span>
     <span class='ocr_line' id='line_1_11' title="bbox 207 710 1387 776; baseline 0.003 -23"><span class='ocrx_word' id='word_1_61' title='bbox 207 715 271 757; x_wconf 72' lang='lat' dir='ltr'><strong><em>ad</em></strong></span> <span class='ocrx_word' id='word_1_62' title='bbox 287 727 415 754; x_wconf 83' lang='lat' dir='ltr'><strong><em>unum</em></strong></span> <span class='ocrx_word' id='word_1_63' title='bbox 437 727 579 753; x_wconf 86' lang='lat' dir='ltr'><strong><em>omnes</em></strong></span> <span class='ocrx_word' id='word_1_64' title='bbox 605 710 922 768; x_wconf 75' lang='lat' dir='ltr'><strong><em>interficiendos</em></strong></span> <span class='ocrx_word' id='word_1_65' title='bbox 943 712 1095 776; x_wconf 73' lang='lat' dir='ltr'><strong><em>censet.</em></strong></span> <span class='ocrx_word' id='word_1_66' title='bbox 1150 726 1194 772; x_wconf 77' lang='grc'><strong><em>4.</em></strong></span> <span class='ocrx_word' id='word_1_67' title='bbox 1221 719 1387 760; x_wconf 72' lang='lat' dir='ltr'><strong><em>Durae</em></strong></span> 
     </span>
     <span class='ocr_line' id='line_1_12' title="bbox 207 768 1382 824; baseline 0.003 -16"><span class='ocrx_word' id='word_1_68' title='bbox 207 770 335 824; x_wconf 82' lang='lat' dir='ltr'><em>pacis</em></span> <span class='ocrx_word' id='word_1_69' title='bbox 357 768 651 813; x_wconf 85' lang='lat' dir='ltr'><strong><em>conditiones,</em></strong></span> <span class='ocrx_word' id='word_1_70' title='bbox 693 782 721 806; x_wconf 90' lang='lat' dir='ltr'><strong><em>a</em></strong></span> <span class='ocrx_word' id='word_1_71' title='bbox 745 769 1079 810; x_wconf 76' lang='lat' dir='ltr'><strong><em>Pontio-dictae</em></strong></span> <span class='ocrx_word' id='word_1_72' title='bbox 1107 779 1151 812; x_wconf 79' lang='lat' dir='ltr'><strong><em>et</em></strong></span> <span class='ocrx_word' id='word_1_73' title='bbox 1180 772 1237 813; x_wconf 90' lang='lat' dir='ltr'><strong><em>L.</em></strong></span> <span class='ocrx_word' id='word_1_74' title='bbox 1266 773 1382 813; x_wconf 78' lang='lat' dir='ltr'><strong><em>Len-</em></strong></span> 
     </span>
     <span class='ocr_line' id='line_1_13' title="bbox 206 820 1383 879; baseline 0 -15"><span class='ocrx_word' id='word_1_75' title='bbox 206 824 302 865; x_wconf 82' lang='lat' dir='ltr'><strong><em>tulo</em></strong></span> <span class='ocrx_word' id='word_1_76' title='bbox 321 820 539 879; x_wconf 77' lang='lat' dir='ltr'><strong><em>suadente</em></strong></span> <span class='ocrx_word' id='word_1_77' title='bbox 567 821 793 872; x_wconf 85' lang='lat' dir='ltr'><strong><em>adceptae.</em></strong></span> <span class='ocrx_word' id='word_1_78' title='bbox 858 832 899 872; x_wconf 87' lang='lat'><strong><em>5.</em></strong></span> <span class='ocrx_word' id='word_1_79' title='bbox 943 825 1148 866; x_wconf 79' lang='lat' dir='ltr'><strong><em>Caudina</em></strong></span> <span class='ocrx_word' id='word_1_80' title='bbox 1180 839 1277 879; x_wconf 79' lang='lat' dir='ltr'><strong><em>pax</em></strong></span> <span class='ocrx_word' id='word_1_81' title='bbox 1301 838 1383 878; x_wconf 86' lang='lat' dir='ltr'><strong><em>per·</em></strong></span> 
     </span>
     <span class='ocr_line' id='line_1_14' title="bbox 195 873 1379 940; baseline 0 -22"><span class='ocrx_word' id='word_1_82' title='bbox 195 875 472 940; x_wconf 69' lang='lat' dir='ltr'><strong><em>jponfiorzem</em></strong></span> <span class='ocrx_word' id='word_1_83' title='bbox 497 873 560 933; x_wconf 89' lang='lat' dir='ltr'><strong><em>fit</em></strong></span> <span class='ocrx_word' id='word_1_84' title='bbox 599 874 892 934; x_wconf 72' lang='lat' dir='ltr'><em>obsidibusque</em></span> <span class='ocrx_word' id='word_1_85' title='bbox 915 878 1018 919; x_wconf 79' lang='lat' dir='ltr'><strong><em>DG.</em></strong></span> <span class='ocrx_word' id='word_1_86' title='bbox 1042 879 1255 935; x_wconf 73' lang='lat' dir='ltr'><strong><em>equitibus</em></strong></span> <span class='ocrx_word' id='word_1_87' title='bbox 1285 887 1379 920; x_wconf 88' lang='lat' dir='ltr'><strong><em>tra-</em></strong></span> 
     </span>
     <span class='ocr_line' id='line_1_15' title="bbox 207 925 1379 989; baseline 0 -16"><span class='ocrx_word' id='word_1_88' title='bbox 207 933 317 973; x_wconf 85' lang='lat' dir='ltr'><strong><em>ditis</em></strong></span> <span class='ocrx_word' id='word_1_89' title='bbox 339 932 531 971; x_wconf 83' lang='lat' dir='ltr'><strong><em>Romani</em></strong></span> <span class='ocrx_word' id='word_1_90' title='bbox 545 925 801 989; x_wconf 84' lang='lat' dir='ltr'><em>subjugum</em></span> <span class='ocrx_word' id='word_1_91' title='bbox 827 932 1074 974; x_wconf 88' lang='lat' dir='ltr'><strong><em>mittuntur.</em></strong></span> <span class='ocrx_word' id='word_1_92' title='bbox 1137 934 1180 975; x_wconf 89' lang='lat'><strong><em>6.</em></strong></span> <span class='ocrx_word' id='word_1_93' title='bbox 1212 933 1379 974; x_wconf 82' lang='lat' dir='ltr'><strong><em>Tradu-</em></strong></span> 
     </span>
     <span class='ocr_line' id='line_1_16' title="bbox 205 981 1377 1044; baseline 0.001 -17"><span class='ocrx_word' id='word_1_94' title='bbox 205 988 268 1027; x_wconf 86' lang='lat' dir='ltr'><strong><em>cti</em></strong></span> <span class='ocrx_word' id='word_1_95' title='bbox 293 986 518 1037; x_wconf 82' lang='lat' dir='ltr'><strong><em>Capuam,</em></strong></span> <span class='ocrx_word' id='word_1_96' title='bbox 541 983 629 1039; x_wconf 37' lang='lat' dir='ltr'><strong><em>,ubi</em></strong></span> <span class='ocrx_word' id='word_1_97' title='bbox 657 984 834 1037; x_wconf 83' lang='lat' dir='ltr'><strong><em>benigne</em></strong></span> <span class='ocrx_word' id='word_1_98' title='bbox 856 981 1061 1044; x_wconf 78' lang='lat' dir='ltr'><strong><em>hospitiis</em></strong></span> <span class='ocrx_word' id='word_1_99' title='bbox 1086 988 1377 1040; x_wconf 79' lang='lat' dir='ltr'><strong><em>excipiuntur,</em></strong></span> 
     </span>
     <span class='ocr_line' id='line_1_17' title="bbox 204 1040 1376 1094; baseline 0.001 -14"><span class='ocrx_word' id='word_1_100' title='bbox 204 1049 250 1080; x_wconf 88' lang='lat' dir='ltr'><strong><em>et</em></strong></span> <span class='ocrx_word' id='word_1_101' title='bbox 279 1041 378 1079; x_wconf 80' lang='lat' dir='ltr'><strong><em>inde</em></strong></span> <span class='ocrx_word' id='word_1_102' title='bbox 415 1040 628 1084; x_wconf 86' lang='lat' dir='ltr'><strong><em>Romam,</em></strong></span> <span class='ocrx_word' id='word_1_103' title='bbox 687 1052 826 1090; x_wconf 85' lang='lat' dir='ltr'><strong><em>prope</em></strong></span> <span class='ocrx_word' id='word_1_104' title='bbox 853 1042 962 1080; x_wconf 86' lang='lat' dir='ltr'><strong><em>muti</em></strong></span> <span class='ocrx_word' id='word_1_105' title='bbox 990 1055 1099 1092; x_wconf 85' lang='lat' dir='ltr'><strong><em>prae</em></strong></span> <span class='ocrx_word' id='word_1_106' title='bbox 1137 1041 1302 1094; x_wconf 83' lang='lat' dir='ltr'><strong><em>pudore</em></strong></span> <span class='ocrx_word' id='word_1_107' title='bbox 1329 1049 1376 1080; x_wconf 83' lang='lat' dir='ltr'><strong><em>et·</em></strong></span> 
     </span>
     <span class='ocr_line' id='line_1_18' title="bbox 201 1088 1374 1152; baseline 0 -19"><span class='ocrx_word' id='word_1_108' title='bbox 201 1092 419 1152; x_wconf 81' lang='lat' dir='ltr'><strong><em>maestitia</em></strong></span> <span class='ocrx_word' id='word_1_109' title='bbox 434 1121 446 1138; x_wconf 93' lang='lat'>‚</span> <span class='ocrx_word' id='word_1_110' title='bbox 473 1088 813 1151; x_wconf 65' lang='lat' dir='ltr'><strong><em>proficiseuntur.</em></strong></span> <span class='ocrx_word' id='word_1_111' title='bbox 868 1107 909 1145; x_wconf 91' lang='lat'><strong><em>7.</em></strong></span> <span class='ocrx_word' id='word_1_112' title='bbox 937 1096 1083 1134; x_wconf 85' lang='lat' dir='ltr'><strong><em>Roma</em></strong></span> <span class='ocrx_word' id='word_1_113' title='bbox 1102 1109 1240 1146; x_wconf 86' lang='lat' dir='ltr'><strong><em>paene</em></strong></span> <span class='ocrx_word' id='word_1_114' title='bbox 1261 1109 1374 1134; x_wconf 89' lang='lat' dir='ltr'><strong><em>mae-</em></strong></span> 
     </span>
     <span class='ocr_line' id='line_1_19' title="bbox 187 1141 1373 1207; baseline 0 -19"><span class='ocrx_word' id='word_1_115' title='bbox 187 1148 308 1207; x_wconf 78' lang='lat' dir='ltr'><strong><em>stior</em></strong></span> <span class='ocrx_word' id='word_1_116' title='bbox 345 1141 435 1203; x_wconf 73' lang='lat' dir='ltr'><strong><em>ipso</em></strong></span> <span class='ocrx_word' id='word_1_117' title='bbox 451 1190 454 1198; x_wconf 27' lang='lat' dir='ltr'><em>l</em></span> <span class='ocrx_word' id='word_1_118' title='bbox 473 1146 684 1192; x_wconf 76' lang='lat' dir='ltr'><strong><em>exercitu,</em></strong></span> <span class='ocrx_word' id='word_1_119' title='bbox 743 1146 951 1202; x_wconf 76' lang='lat' dir='ltr'><em>hujusque</em></span> <span class='ocrx_word' id='word_1_120' title='bbox 981 1148 1201 1188; x_wconf 83' lang='lat' dir='ltr'><strong><em>adventus</em></strong></span> <span class='ocrx_word' id='word_1_121' title='bbox 1239 1149 1373 1188; x_wconf 80' lang='lat' dir='ltr'><strong><em>etiam</em></strong></span> 
     </span>
     <span class='ocr_line' id='line_1_20' title="bbox 202 1197 1371 1258; baseline 0 -16"><span class='ocrx_word' id='word_1_122' title='bbox 202 1203 333 1243; x_wconf 87' lang='lat' dir='ltr'><strong><em>iratis</em></strong></span> <span class='ocrx_word' id='word_1_123' title='bbox 351 1197 615 1258; x_wconf 73' lang='lat' dir='ltr'><strong><em>miserabilis.</em></strong></span> <span class='ocrx_word' id='word_1_124' title='bbox 671 1200 933 1251; x_wconf 83' lang='lat' dir='ltr'><strong><em>Dictatores</em></strong></span> <span class='ocrx_word' id='word_1_125' title='bbox 948 1200 1135 1252; x_wconf 81' lang='lat' dir='ltr'><strong><em>primum</em></strong></span> <span class='ocrx_word' id='word_1_126' title='bbox 1146 1203 1273 1249; x_wconf 86' lang='lat' dir='ltr'><strong><em>vitio,</em></strong></span> <span class='ocrx_word' id='word_1_127' title='bbox 1298 1202 1371 1242; x_wconf 84' lang='lat' dir='ltr'><strong><em>de-</em></strong></span> 
     </span>
     <span class='ocr_line' id='line_1_21' title="bbox 201 1250 1374 1319; baseline 0 -23"><span class='ocrx_word' id='word_1_128' title='bbox 201 1256 304 1297; x_wconf 85' lang='lat' dir='ltr'><strong><em>inde</em></strong></span> <span class='ocrx_word' id='word_1_129' title='bbox 337 1256 569 1305; x_wconf 78' lang='lat' dir='ltr'><em>interreges</em></span> <span class='ocrx_word' id='word_1_130' title='bbox 600 1261 645 1292; x_wconf 86' lang='lat' dir='ltr'><strong><em>et</em></strong></span> <span class='ocrx_word' id='word_1_131' title='bbox 674 1252 884 1310; x_wconf 66' lang='lat' dir='ltr'><strong><em>posit-emo</em></strong></span> <span class='ocrx_word' id='word_1_132' title='bbox 917 1250 1107 1319; x_wconf 80' lang='lat' dir='ltr'><strong><em>consules</em></strong></span> <span class='ocrx_word' id='word_1_133' title='bbox 1142 1264 1374 1302; x_wconf 56' lang='lat' dir='ltr'><strong><em>creantur,</em></strong></span> 
     </span>
     <span class='ocr_line' id='line_1_22' title="bbox 202 1305 1370 1409; baseline 0.002 -61"><span class='ocrx_word' id='word_1_134' title='bbox 202 1310 266 1409; x_wconf 52' lang='grc' dir='ltr'><strong><em>Ξ.</em></strong></span> <span class='ocrx_word' id='word_1_135' title='bbox 296 1307 510 1349; x_wconf 82' lang='lat' dir='ltr'><em>Publilius</em></span> <span class='ocrx_word' id='word_1_136' title='bbox 539 1305 670 1347; x_wconf 80' lang='lat' dir='ltr'><strong><em>Philo</em></strong></span> <span class='ocrx_word' id='word_1_137' title='bbox 701 1316 743 1346; x_wconf 86' lang='lat' dir='ltr'><strong><em>et</em></strong></span> <span class='ocrx_word' id='word_1_138' title='bbox 760 1309 816 1348; x_wconf 92' lang='lat' dir='ltr'><strong><em>L.</em></strong></span> <span class='ocrx_word' id='word_1_139' title='bbox 844 1309 1055 1360; x_wconf 77' lang='lat' dir='ltr'><strong><em>Papirzus</em></strong></span> <span class='ocrx_word' id='word_1_140' title='bbox 1088 1305 1259 1370; x_wconf 66' lang='lat' dir='ltr'><strong><em>Cursor.</em></strong></span> <span class='ocrx_word' id='word_1_141' title='bbox 1326 1314 1370 1358; x_wconf 89' lang='lat'><strong><em>8.</em></strong></span> 
     </span>
     <span class='ocr_line' id='line_1_23' title="bbox 246 1356 1371 1421; baseline 0.002 -18"><span class='ocrx_word' id='word_1_142' title='bbox 246 1363 448 1419; x_wconf 84' lang='lat' dir='ltr'><strong><em>ost&#39;umius</em></strong></span> <span class='ocrx_word' id='word_1_143' title='bbox 471 1362 515 1401; x_wconf 91' lang='lat' dir='ltr'><strong><em>in</em></strong></span> <span class='ocrx_word' id='word_1_144' title='bbox 525 1356 687 1421; x_wconf 83' lang='lat' dir='ltr'><strong><em>senatu</em></strong></span> <span class='ocrx_word' id='word_1_145' title='bbox 706 1362 840 1401; x_wconf 82' lang='lat' dir='ltr'><strong><em>verba</em></strong></span> <span class='ocrx_word' id='word_1_146' title='bbox 895 1363 1038 1404; x_wconf 83' lang='lat' dir='ltr'><strong><em>aciens</em></strong></span> <span class='ocrx_word' id='word_1_147' title='bbox 1065 1364 1197 1414; x_wconf 86' lang='lat' dir='ltr'><strong><em>dicit,</em></strong></span> <span class='ocrx_word' id='word_1_148' title='bbox 1233 1378 1371 1416; x_wconf 88' lang='lat' dir='ltr'><strong><em>popu-</em></strong></span> 
     </span>
     <span class='ocr_line' id='line_1_24' title="bbox 202 1411 1373 1478; baseline 0.001 -20"><span class='ocrx_word' id='word_1_149' title='bbox 202 1423 289 1463; x_wconf 79' lang='lat' dir='ltr'><strong><em>lum</em></strong></span> <span class='ocrx_word' id='word_1_150' title='bbox 320 1420 447 1458; x_wconf 82' lang='lat' dir='ltr'><strong><em>Rom.</em></strong></span> <span class='ocrx_word' id='word_1_151' title='bbox 474 1430 560 1455; x_wconf 87' lang='lat' dir='ltr'><strong><em>non</em></strong></span> <span class='ocrx_word' id='word_1_152' title='bbox 586 1417 723 1455; x_wconf 86' lang='lat' dir='ltr'><strong><em>teneri</em></strong></span> <span class='ocrx_word' id='word_1_153' title='bbox 735 1411 851 1476; x_wconf 87' lang='lat' dir='ltr'><strong><em>spon</em></strong></span> <span class='ocrx_word' id='word_1_154' title='bbox 871 1418 965 1457; x_wconf 82' lang='lat' dir='ltr'><strong><em>zone</em></strong></span> <span class='ocrx_word' id='word_1_155' title='bbox 991 1414 1179 1475; x_wconf 84' lang='lat' dir='ltr'><strong><em>infami,</em></strong></span> <span class='ocrx_word' id='word_1_156' title='bbox 1216 1416 1373 1478; x_wconf 69' lang='lat' dir='ltr'><strong><em>injuffu</em></strong></span> 
     </span>
     <span class='ocr_line' id='line_1_25' title="bbox 201 1468 1366 1533; baseline 0.002 -23"><span class='ocrx_word' id='word_1_157' title='bbox 201 1477 294 1533; x_wconf 70' lang='lat' dir='ltr'><strong><em>ejus</em></strong></span> <span class='ocrx_word' id='word_1_158' title='bbox 302 1468 442 1530; x_wconf 83' lang='lat' dir='ltr'><strong><em>facta</em></strong></span> <span class='ocrx_word' id='word_1_159' title='bbox 462 1499 474 1517; x_wconf 91' lang='lat'><em>‚</em></span> <span class='ocrx_word' id='word_1_160' title='bbox 503 1478 633 1524; x_wconf 83' lang='lat' dir='ltr'><strong><em>utque</em></strong></span> <span class='ocrx_word' id='word_1_161' title='bbox 652 1470 856 1522; x_wconf 82' lang='lat' dir='ltr'><strong><em>religione</em></strong></span> <span class='ocrx_word' id='word_1_162' title='bbox 878 1469 1133 1529; x_wconf 77' lang='lat' dir='ltr'><strong><em>exsolvatur</em></strong></span> <span class='ocrx_word' id='word_1_163' title='bbox 1149 1480 1192 1513; x_wconf 91' lang='lat' dir='ltr'><strong><em>et</em></strong></span> <span class='ocrx_word' id='word_1_164' title='bbox 1203 1471 1366 1531; x_wconf 72' lang='lat' dir='ltr'><strong><em>jlfium</em></strong></span> 
     </span>
    </p>

    <p class='ocr_par' dir='ltr' id='par_1_3' title="bbox 183 1522 1406 2269">
     <span class='ocr_line' id='line_1_26' title="bbox 197 1522 1366 1590; baseline 0 -23"><span class='ocrx_word' id='word_1_165' title='bbox 197 1531 400 1584; x_wconf 81' lang='lat' dir='ltr'><strong><em>piumque</em></strong></span> <span class='ocrx_word' id='word_1_166' title='bbox 418 1524 471 1564; x_wconf 85' lang='lat' dir='ltr'><strong><em>de</em></strong></span> <span class='ocrx_word' id='word_1_167' title='bbox 490 1526 658 1577; x_wconf 78' lang='lat' dir='ltr'><strong><em>integro</em></strong></span> <span class='ocrx_word' id='word_1_168' title='bbox 677 1524 829 1564; x_wconf 86' lang='lat' dir='ltr'><strong><em>bellum</em></strong></span> <span class='ocrx_word' id='word_1_169' title='bbox 849 1527 951 1565; x_wconf 90' lang='lat' dir='ltr'><strong><em>iniri</em></strong></span> <span class='ocrx_word' id='word_1_170' title='bbox 968 1522 1118 1585; x_wconf 76' lang='lat' dir='ltr'><strong><em>pqffit‚</em></strong></span> <span class='ocrx_word' id='word_1_171' title='bbox 1162 1525 1366 1590; x_wconf 77' lang='lat' dir='ltr'><strong><em>consules,</em></strong></span> 
     </span>
     <span class='ocr_line' id='line_1_27' title="bbox 199 1575 1406 1676; baseline 0 -54"><span class='ocrx_word' id='word_1_172' title='bbox 199 1584 396 1636; x_wconf 77' lang='lat' dir='ltr'><strong><em>legatos,</em></strong></span> <span class='ocrx_word' id='word_1_173' title='bbox 435 1579 678 1638; x_wconf 65' lang='lat' dir='ltr'><strong><em>quaestores</em></strong></span> <span class='ocrx_word' id='word_1_174' title='bbox 706 1587 748 1618; x_wconf 89' lang='lat' dir='ltr'><strong><em>et</em></strong></span> <span class='ocrx_word' id='word_1_175' title='bbox 772 1579 993 1625; x_wconf 83' lang='lat' dir='ltr'><strong><em>tribunos,</em></strong></span> <span class='ocrx_word' id='word_1_176' title='bbox 1033 1583 1118 1621; x_wconf 75' lang='lat' dir='ltr'><strong><em>hac</em></strong></span> <span class='ocrx_word' id='word_1_177' title='bbox 1133 1575 1366 1676; x_wconf 58' lang='grc' dir='ltr'><strong><em>ᾔιιίῗβοησ</em></strong></span> <span class='ocrx_word' id='word_1_178' title='bbox 1392 1581 1406 1586; x_wconf 77' lang='grc'><em>“</em></span> 
     </span>
     <span class='ocr_line' id='line_1_28' title="bbox 198 1633 1362 1695; baseline 0 -19"><span class='ocrx_word' id='word_1_179' title='bbox 198 1636 447 1695; x_wconf 62' lang='lat' dir='ltr'><strong><em>offrictos,</em></strong></span> <span class='ocrx_word' id='word_1_180' title='bbox 493 1633 757 1674; x_wconf 83' lang='lat' dir='ltr'><strong><em>Samnitibus</em></strong></span> <span class='ocrx_word' id='word_1_181' title='bbox 783 1634 922 1674; x_wconf 84' lang='lat' dir='ltr'><strong><em>nudos</em></strong></span> <span class='ocrx_word' id='word_1_182' title='bbox 939 1637 1188 1689; x_wconf 84' lang='lat' dir='ltr'><strong><em>vinctosque</em></strong></span> <span class='ocrx_word' id='word_1_183' title='bbox 1242 1636 1362 1677; x_wconf 82' lang='lat' dir='ltr'><strong><em>eden·</em></strong></span> 
     </span>
     <span class='ocr_line' id='line_1_29' title="bbox 197 1683 1359 1784; baseline -0.002 -53"><span class='ocrx_word' id='word_1_184' title='bbox 197 1692 278 1731; x_wconf 87' lang='lat' dir='ltr'><strong><em>dos</em></strong></span> <span class='ocrx_word' id='word_1_185' title='bbox 296 1683 446 1784; x_wconf 47' lang='lat' dir='ltr'><strong><em>cenget.</em></strong></span> <span class='ocrx_word' id='word_1_186' title='bbox 510 1689 789 1728; x_wconf 86' lang='lat' dir='ltr'><strong><em>Intereedunt</em></strong></span> <span class='ocrx_word' id='word_1_187' title='bbox 813 1689 868 1727; x_wconf 88' lang='lat' dir='ltr'><strong><em>L.</em></strong></span> <span class='ocrx_word' id='word_1_188' title='bbox 893 1689 1050 1729; x_wconf 83' lang='lat' dir='ltr'><strong><em>Livius</em></strong></span> <span class='ocrx_word' id='word_1_189' title='bbox 1073 1696 1116 1727; x_wconf 87' lang='lat' dir='ltr'><strong><em>et</em></strong></span> <span class='ocrx_word' id='word_1_190' title='bbox 1145 1687 1201 1755; x_wconf 71' lang='grc' dir='ltr'><strong><em>ῼ.</em></strong></span> <span class='ocrx_word' id='word_1_191' title='bbox 1236 1692 1359 1730; x_wconf 89' lang='lat' dir='ltr'><strong><em>Mae-</em></strong></span> 
     </span>
     <span class='ocr_line' id='line_1_30' title="bbox 193 1737 1357 1836; baseline -0.001 -51"><span class='ocrx_word' id='word_1_192' title='bbox 193 1746 280 1785; x_wconf 86' lang='lat' dir='ltr'><strong><em>lius</em></strong></span> <span class='ocrx_word' id='word_1_193' title='bbox 296 1745 356 1784; x_wconf 87' lang='lat' dir='ltr'><strong><em>tri</em></strong></span> <span class='ocrx_word' id='word_1_194' title='bbox 386 1743 459 1782; x_wconf 86' lang='lat' dir='ltr'><strong><em>uni</em></strong></span> <span class='ocrx_word' id='word_1_195' title='bbox 475 1741 554 1795; x_wconf 66' lang='lat' dir='ltr'><strong><em>pl„</em></strong></span> <span class='ocrx_word' id='word_1_196' title='bbox 582 1742 657 1793; x_wconf 83' lang='lat' dir='ltr'><strong><em>qui</em></strong></span> <span class='ocrx_word' id='word_1_197' title='bbox 676 1750 719 1781; x_wconf 90' lang='lat' dir='ltr'><strong><em>et</em></strong></span> <span class='ocrx_word' id='word_1_198' title='bbox 740 1737 915 1836; x_wconf 54' lang='lat' dir='ltr'><strong><em>ipstsub</em></strong></span> <span class='ocrx_word' id='word_1_199' title='bbox 932 1742 1079 1797; x_wconf 83' lang='lat' dir='ltr'><strong><em>jugum</em></strong></span> <span class='ocrx_word' id='word_1_200' title='bbox 1101 1740 1205 1802; x_wconf 79' lang='lat' dir='ltr'><strong><em>mzffi</em></strong></span> <span class='ocrx_word' id='word_1_201' title='bbox 1219 1752 1357 1784; x_wconf 87' lang='lat' dir='ltr'><strong><em>erant.</em></strong></span> 
     </span>
     <span class='ocr_line' id='line_1_31' title="bbox 194 1794 1357 1855; baseline -0.001 -16"><span class='ocrx_word' id='word_1_202' title='bbox 194 1814 235 1855; x_wconf 90' lang='lat'><strong><em>9.</em></strong></span> <span class='ocrx_word' id='word_1_203' title='bbox 275 1802 329 1838; x_wconf 88' lang='lat' dir='ltr'><strong><em>In</em></strong></span> <span class='ocrx_word' id='word_1_204' title='bbox 363 1812 433 1838; x_wconf 87' lang='lat' dir='ltr'><strong><em>eos</em></strong></span> <span class='ocrx_word' id='word_1_205' title='bbox 464 1797 666 1835; x_wconf 85' lang='lat' dir='ltr'><strong><em>acerrime</em></strong></span> <span class='ocrx_word' id='word_1_206' title='bbox 702 1797 829 1835; x_wconf 79' lang='lat' dir='ltr'><strong><em>invelz</em></strong></span> <span class='ocrx_word' id='word_1_207' title='bbox 847 1804 922 1835; x_wconf 78' lang='lat' dir='ltr'><strong><em>tur</em></strong></span> <span class='ocrx_word' id='word_1_208' title='bbox 954 1794 1210 1855; x_wconf 75' lang='lat' dir='ltr'><strong><em>Posiumius.</em></strong></span> <span class='ocrx_word' id='word_1_209' title='bbox 1290 1812 1357 1839; x_wconf 86' lang='lat'><strong><em>10.</em></strong></span> 
     </span>
     <span class='ocr_line' id='line_1_32' title="bbox 199 1849 1355 1910; baseline -0.002 -18"><span class='ocrx_word' id='word_1_210' title='bbox 199 1849 436 1909; x_wconf 73' lang='lat' dir='ltr'><strong><em>Sponsores</em></strong></span> <span class='ocrx_word' id='word_1_211' title='bbox 457 1851 578 1901; x_wconf 86' lang='lat' dir='ltr'><strong><em>pacis</em></strong></span> <span class='ocrx_word' id='word_1_212' title='bbox 601 1850 865 1891; x_wconf 82' lang='lat' dir='ltr'><strong><em>Samnitibus</em></strong></span> <span class='ocrx_word' id='word_1_213' title='bbox 885 1850 1115 1898; x_wconf 85' lang='lat' dir='ltr'><strong><em>deduntur,</em></strong></span> <span class='ocrx_word' id='word_1_214' title='bbox 1144 1859 1189 1892; x_wconf 86' lang='lat' dir='ltr'><strong><em>et</em></strong></span> <span class='ocrx_word' id='word_1_215' title='bbox 1203 1851 1355 1910; x_wconf 60' lang='lat' dir='ltr'><strong><em>Postu-</em></strong></span> 
     </span>
     <span class='ocr_line' id='line_1_33' title="bbox 192 1901 1354 1962; baseline -0.003 -16"><span class='ocrx_word' id='word_1_216' title='bbox 192 1908 303 1947; x_wconf 87' lang='lat' dir='ltr'><strong><em>mius</em></strong></span> <span class='ocrx_word' id='word_1_217' title='bbox 321 1903 472 1962; x_wconf 75' lang='lat' dir='ltr'><strong><em>fetiali</em></strong></span> <span class='ocrx_word' id='word_1_218' title='bbox 490 1908 615 1944; x_wconf 84' lang='lat' dir='ltr'><strong><em>Rom.</em></strong></span> <span class='ocrx_word' id='word_1_219' title='bbox 637 1918 745 1956; x_wconf 83' lang='lat' dir='ltr'><strong><em>genu</em></strong></span> <span class='ocrx_word' id='word_1_220' title='bbox 765 1901 915 1961; x_wconf 84' lang='lat' dir='ltr'><strong><em>femur</em></strong></span> <span class='ocrx_word' id='word_1_221' title='bbox 933 1904 1145 1945; x_wconf 80' lang='lat' dir='ltr'><strong><em>violenter</em></strong></span> <span class='ocrx_word' id='word_1_222' title='bbox 1160 1906 1354 1958; x_wconf 86' lang='lat' dir='ltr'><strong><em>percellit</em></strong></span> 
     </span>
     <span class='ocr_line' id='line_1_34' title="bbox 193 1953 1352 2018; baseline -0.003 -18"><span class='ocrx_word' id='word_1_223' title='bbox 193 1955 358 2006; x_wconf 73' lang='lat' dir='ltr'><strong><em>diceris,</em></strong></span> <span class='ocrx_word' id='word_1_224' title='bbox 377 1957 430 2018; x_wconf 87' lang='lat' dir='ltr'><strong><em>se</em></strong></span> <span class='ocrx_word' id='word_1_225' title='bbox 458 1959 692 2000; x_wconf 82' lang='lat' dir='ltr'><strong><em>Samnitem</em></strong></span> <span class='ocrx_word' id='word_1_226' title='bbox 712 1953 844 1998; x_wconf 55' lang='lat' dir='ltr'><strong><em>cibem</em></strong></span> <span class='ocrx_word' id='word_1_227' title='bbox 865 1955 944 2016; x_wconf 67' lang='lat' dir='ltr'><em>ff</em></span> <span class='ocrx_word' id='word_1_228' title='bbox 960 1966 1003 1997; x_wconf 90' lang='lat' dir='ltr'><strong><em>et</em></strong></span> <span class='ocrx_word' id='word_1_229' title='bbox 1022 1960 1256 2006; x_wconf 69' lang='lat' dir='ltr'><strong><em>Romanos,</em></strong></span> <span class='ocrx_word' id='word_1_230' title='bbox 1274 1956 1352 2014; x_wconf 83' lang='lat' dir='ltr'><strong><em>fe-</em></strong></span> 
     </span>
     <span class='ocr_line' id='line_1_35' title="bbox 190 2012 1352 2069; baseline -0.004 -14"><span class='ocrx_word' id='word_1_231' title='bbox 190 2012 293 2055; x_wconf 83' lang='lat' dir='ltr'><strong><em>tiali</em></strong></span> <span class='ocrx_word' id='word_1_232' title='bbox 319 2014 547 2066; x_wconf 78' lang='lat' dir='ltr'><strong><em>legatoque</em></strong></span> <span class='ocrx_word' id='word_1_233' title='bbox 577 2020 730 2052; x_wconf 87' lang='lat' dir='ltr'><strong><em>contra</em></strong></span> <span class='ocrx_word' id='word_1_234' title='bbox 748 2013 829 2069; x_wconf 85' lang='lat' dir='ltr'><strong><em>jus</em></strong></span> <span class='ocrx_word' id='word_1_235' title='bbox 850 2013 1037 2065; x_wconf 78' lang='lat' dir='ltr'><strong><em>gentium</em></strong></span> <span class='ocrx_word' id='word_1_236' title='bbox 1066 2014 1255 2059; x_wconf 80' lang='lat' dir='ltr'><strong><em>violato,</em></strong></span> <span class='ocrx_word' id='word_1_237' title='bbox 1300 2026 1352 2051; x_wconf 86' lang='lat' dir='ltr'><strong><em>eo</em></strong></span> 
     </span>
     <span class='ocr_line' id='line_1_36' title="bbox 183 2065 1355 2133; baseline -0.004 -24"><span class='ocrx_word' id='word_1_238' title='bbox 183 2068 342 2133; x_wconf 76' lang='lat' dir='ltr'><em>justius</em></span> <span class='ocrx_word' id='word_1_239' title='bbox 366 2067 517 2106; x_wconf 81' lang='lat' dir='ltr'><strong><em>bellum</em></strong></span> <span class='ocrx_word' id='word_1_240' title='bbox 545 2066 749 2125; x_wconf 77' lang='lat' dir='ltr'><strong><em>gesturos.</em></strong></span> <span class='ocrx_word' id='word_1_241' title='bbox 818 2080 885 2109; x_wconf 84' lang='lat'><strong><em>11.</em></strong></span> <span class='ocrx_word' id='word_1_242' title='bbox 915 2068 1100 2107; x_wconf 87' lang='lat' dir='ltr'><strong><em>Pontius</em></strong></span> <span class='ocrx_word' id='word_1_243' title='bbox 1128 2081 1212 2107; x_wconf 87' lang='lat' dir='ltr'><strong><em>non</em></strong></span> <span class='ocrx_word' id='word_1_244' title='bbox 1234 2065 1355 2105; x_wconf 86' lang='lat' dir='ltr'><strong><em>adci-</em></strong></span> 
     </span>
     <span class='ocr_line' id='line_1_37' title="bbox 187 2115 1351 2180; baseline -0.002 -19"><span class='ocrx_word' id='word_1_245' title='bbox 187 2131 259 2176; x_wconf 80' lang='lat' dir='ltr'><strong><em>pzt</em></strong></span> <span class='ocrx_word' id='word_1_246' title='bbox 290 2121 545 2167; x_wconf 81' lang='lat' dir='ltr'><strong><em>deditionem</em></strong></span> <span class='ocrx_word' id='word_1_247' title='bbox 580 2118 623 2159; x_wconf 76' lang='lat' dir='ltr'><strong><em>et</em></strong></span> <span class='ocrx_word' id='word_1_248' title='bbox 652 2115 822 2180; x_wconf 84' lang='lat' dir='ltr'><strong><em>incusat</em></strong></span> <span class='ocrx_word' id='word_1_249' title='bbox 835 2119 976 2176; x_wconf 83' lang='lat' dir='ltr'><strong><em>fidem</em></strong></span> <span class='ocrx_word' id='word_1_250' title='bbox 1008 2121 1162 2173; x_wconf 88' lang='lat' dir='ltr'><strong><em>populi</em></strong></span> <span class='ocrx_word' id='word_1_251' title='bbox 1197 2122 1351 2167; x_wconf 85' lang='lat' dir='ltr'><strong><em>Rom.‚</em></strong></span> 
     </span>
     <span class='ocr_line' id='line_1_38' title="bbox 187 2170 1350 2236; baseline -0.003 -19"><span class='ocrx_word' id='word_1_252' title='bbox 187 2177 266 2231; x_wconf 83' lang='lat' dir='ltr'><strong><em>qui</em></strong></span> <span class='ocrx_word' id='word_1_253' title='bbox 271 2171 443 2236; x_wconf 68' lang='lat' dir='ltr'><strong><em>semper</em></strong></span> <span class='ocrx_word' id='word_1_254' title='bbox 465 2174 654 2229; x_wconf 88' lang='lat' dir='ltr'><strong><em>aliquam</em></strong></span> <span class='ocrx_word' id='word_1_255' title='bbox 660 2170 831 2232; x_wconf 81' lang='lat' dir='ltr'><strong><em>fraudi</em></strong></span> <span class='ocrx_word' id='word_1_256' title='bbox 830 2172 1019 2236; x_wconf 87' lang='lat' dir='ltr'><strong><em>speciem</em></strong></span> <span class='ocrx_word' id='word_1_257' title='bbox 1024 2175 1142 2232; x_wconf 86' lang='lat' dir='ltr'><strong><em>juris</em></strong></span> <span class='ocrx_word' id='word_1_258' title='bbox 1151 2176 1350 2229; x_wconf 85' lang='lat' dir='ltr'><strong><em>inponat.</em></strong></span> 
     </span>
     <span class='ocr_line' id='line_1_39' title="bbox 1286 2237 1356 2269; baseline -0.014 0"><span class='ocrx_word' id='word_1_259' title='bbox 1286 2237 1356 2269; x_wconf 78' lang='lat'><strong><em>12.</em></strong></span> 
     </span>
    </p>
   </div>
  </div>
 </body>
</html>
