1436 2462
246 82 309 125 A.
333 83 386 120 vs
404 70 560 118 oa.452.
579 67 677 116 455.
731 79 840 115 Aue.
862 46 958 114 562.
978 69 1082 113 5015
1176 70 1266 124 6912·

86 197 259 265 §libus
275 223 289 236 ->
306 197 378 242 Ita
399 205 499 241 octo
511 193 788 256 pontificum
803 225 815 246 ‚
844 205 1016 236 novem
1033 204 1266 250 augur-um

83 253 306 305 humerus
341 251 502 296 factum
579 249 770 294 Eodem,
794 263 914 291 anno
947 249 1016 291 M.
1052 248 1273 292 Valerius¹

84 301 324 356 eonsnlsde
354 306 682 365 provocatione
710 304 860 360 legem
886 303 1015 356 tulit,
1061 302 1269 359 diligen—-

83 359 185 418 {ium
206 361 418 404 sanctam.
493 359 654 404 Tertio
683 373 736 400 ea
765 366 863 401 tum
895 359 990 415 post
1017 371 1146 413 reges
1180 372 1268 400 ex·-

83 423 207 461 actos
229 415 423 470 lataest,
461 414 640 472 semper
660 428 687 454 a
709 411 888 454 familia
908 412 1081 455 eadem.
1142 412 1269 455 Cau-

83 469 181 512 sam
198 469 493 515 renovandae
503 469 679 527 saepius
699 466 822 509 haud
842 468 978 509 aliam
999 467 1128 509 fuiffe
1142 470 1273 520 reor,‘

86 538 227 580 quam
278 523 367 568 uod
389 524 492 583 plus
513 537 771 581 paucorum
792 536 924 579 opes,
966 537 1102 579 quam
1124 521 1271 563 liber-

84 585 154 620 tas
180 578 255 637 ple
288 578 350 632 is,
389 586 616 637 poterant.
692 578 856 620 Porcia
883 585 1040 619 tamen
1070 577 1148 618 lex
1175 575 1271 618 sola

85 640 327 690 pro-tergo
348 633 521 676 civium
534 631 623 674 lata
636 631 841 674 videtur:
871 630 992 687 quod
1007 630 1136 686 gravi
1154 645 1273 688 poe·-

86 701 165 740 na,
194 687 223 727 li
245 686 346 744 quis
369 686 644 731 verberaffet
664 688 910 730 naass‘etve
925 687 1075 728 civem
1093 685 1274 727 Roma—

87 755 232 795 num,
273 741 432 784 sanxit.
499 740 687 784 Valeria
714 740 815 793 lex,
858 753 1003 794 quum
1026 755 1155 787 eum,
1194 739 1275 795 qui

88 796 396 852 provocaffet‚
424 795 499 839 vir
534 795 567 837 is
591 794 719 836 caedi
742 795 975 850 securique
1004 798 1160 836 nec-ari
1186 808 1275 835 ve·-

89 849 262 902 milret,
291 851 323 890 fi
341 849 442 906 quis
465 864 491 892 a
525 850 678 891 versus
701 863 753 891 ea
769 850 962 901 feciss'et‚
992 848 1112 890 nihil
1135 847 1280 899 ultra‚·

86 916 227 959 quam
253 905 451 961 inprobe
479 904 676 956 factum,
714 903 890 958 adjecit.
959 903 1014 945 Id
1041 901 1142 958 (qui
1173 910 1281 943 tum·

86 957 244 1057 fudor
272 957 519 1001 hominum
548 964 662 1007 erat)
689 958 864 1009 visum,
905 957 1070 1009 credo,
1107 955 1277 1006 vincu-

110 1026 191 1054 um
221 1013 323 1055 satis
354 1013 560 1056 validum
587 1011 715 1066 legis.
785 1013 924 1055 Nunc
952 1011 1034 1054 vix
1065 1010 1180 1053 serio
1211 1012 1277 1052 ita

86 1067 295 1110 minetur
331 1067 585 1124 quisquam.
660 1067 847 1109 Bellum
878 1065 933 1107 ab
965 1065 1128 1108 eodem
1161 1080 1279 1107 con-

85 1120 186 1163 sule
219 1119 341 1163 haud
375 1135 574 1178 uaquam
611 1120 912 1162 memorabile
952 1119 1163 1162 adversus
1197 1134 1278 1162 re·—

88 1174 312 1226 hellantes
337 1134 550 1231 aequos,
580 1188 722 1230 quum
741 1180 926 1230 praeter
950 1175 1128 1216 animos
1146 1174 1280 1217 fero-

92 1243 168 1284 ces
190 1228 312 1272 nihil
337 1245 396 1272 ex
417 1230 511 1272 anti
545 1243 605 1270 ua
624 1228 812 1270 fortuna
829 1228 1075 1279 haberent,
1105 1229 1280 1283 gestum

91 1282 170 1326 est.
234 1281 372 1326 Alter
395 1284 536 1324 consu
586 1282 846 1338 Appulejus
870 1282 921 1324 in
953 1282 1146 1326 Vmbria
1175 1284 1280 1326 Ne-

126 1337 291 1380 uinum
316 1336 540 1395 oppidum
559 1336 862 1379 circumsedit.
917 1336 1070 1379 Locus
1091 1345 1187 1380 erat
1198 1342 1280 1380 ar-

130 1406 212 1434 uus
239 1399 285 1434 at
317 1406 374 1434 ue
401 1392 452 1434 in
478 1398 611 1448 parte
642 1403 734 1431 una
762 1405 1006 1448 praeceps,
1047 1392 1127 1434 ubi
1158 1406 1280 1434 nunc

93 1446 278 1493 Narnia
313 1453 373 1497 ita
397 1445 470 1488 est.
537 1444 728 1506 Necyi,
764 1459 848 1486 nec
867 1445 1154 1488 munimento
1176 1446 1281 1504 capi

129 1507 290 1544 oterat.
344 1501 503 1557 Itaque
520 1512 623 1540 eam
642 1496 860 1541 infectam
879 1514 980 1541 rem
999 1501 1063 1542 M.
1083 1501 1279 1543 Fulvius

93 1517 340 1608 gnanus,
369 1555 428 1598 Τ.
446 1552 650 1597 Manlius
668 1552 956 1610 Torquatus,
984 1555 1097 1597 novi
1117 1557 1281 1598 consu·-

97 1612 192 1663 les,
236 1610 533 1667 adceperunt.
615 1607 673 1650 In
702 1622 809 1650 eum
842 1623 1014 1650 annum
1046 1624 1188 1666 quum
1219 1609 1281 1666 Q.

99 1665 299 1712 Fabium
332 1663 564 1706 consulem
593 1676 690 1705 non
711 1670 943 1720 petentem
969 1679 1129 1706 omnes
1156 1665 1284 1707 dice-

101 1727 210 1764 rent
230 1717 487 1770 centuriae,
525 1717 677 1775 ipsum
705 1725 939 1760 auctorem
967 1717 1095 1760 fuisse
1123 1721 1284 1763 Macer

103 1774 315 1819 Licinius
332 1787 384 1814 ac
396 1771 585 1818 Tubero
603 1771 790 1814 tradunt
810 1771 1051 1815 differendi
1074 1774 1152 1816 fibi
1172 1790 1286 1817 con-

99 1829 272 1872 tulatus
293 1827 344 1870 in
369 1826 700 1869 bellicosiorem
722 1841 918 1868 annum:
960 1842 1013 1869 eo
1038 1844 1158 1871 anno
1179 1844 1283 1872 ma-

102 1883 197 1941 jori
217 1883 262 1924 se
278 1881 377 1924 usui
397 1880 465 1923 rei
485 1880 695 1939 publicae
717 1881 832 1933 fore,
862 1881 1037 1925 urbano
1052 1885 1168 1938 gesto
1179 1898 1285 1927 ma·-

105 1938 306 1995 gistratu.
362 1936 433 1978 Ita
452 1949 537 1978 nec
567 1935 934 1990 disfimilantem‚
976 1938 1084 1994 quid
1113 1940 1285 1991 mallet,

106 2006 194 2036 :nec
221 1998 454 2048 petentem
481 1998 659 2038 tamen,
708 1990 901 2032 aedilem
933 1993 1141 2036 curulem
1176 2009 1284 2037 cum

107 2047 166 2091 L.
187 2045 376 2103 Papirio
403 2045 599 2088 Cursore
618 2043 803 2102 factum.
873 2046 926 2088 Id
952 2060 1010 2089 ne
1039 2062 1127 2105 pro
1159 2058 1284 2092 certo

108 2114 332 2159 ponerem
347 2131 358 2152 ,
387 2100 598 2142 vetustior
620 2100 854 2143 annalium
877 2109 1036 2144 auctor
1052 2102 1154 2146 Piso
1172 2103 1287 2146 effe-

113 2158 201 2207 cit3
247 2155 325 2211 qui
351 2169 405 2196 eo
428 2169 551 2197 anno
581 2154 749 2196 aediles
776 2157 957 2198 curules
989 2158 1118 2199 fuiffe
1148 2158 1289 2201 tradit

110 2210 166 2265 C.
193 2209 456 2257 Domitium
484 2209 570 2255 Cn.
591 2210 646 2255 F.
676 2210 920 2263 Calvinum
947 2219 993 2255 et
1018 2213 1097 2273 Sp.
1118 2207 1291 2257 ‘Carvi-

1170 2268 1288 2314 lium
