1436 2462
370 110 420 147 Δ.
445 100 494 144 v.
521 111 564 143 c.
585 94 677 145 4544
735 111 784 143 Α.
811 111 853 145 c.
879 100 977 144 520.
1186 98 1278 150 ⁶31⁴

81 220 245 266 nbflcio
269 222 364 266 ullo
393 223 557 281 populi
585 222 802 266 Romani.
866 224 991 266 Nam
1020 222 1261 276 Samnites,

82 281 136 321 &a
155 283 248 320 tem
286 278 417 321 estate
445 279 494 322 in
524 277 755 322 montibus
781 276 968 320 vicatim
990 276 1260 330 habitantes,

78 344 238 390 campe
278 333 344 374 ria
373 340 419 376 et
434 332 668 376 maritima
694 332 815 383 loca,
856 339 1086 376 contemto
1109 331 1266 386 cultof

76 395 183 428 rum
203 387 420 430 molliore
448 394 493 430 at
524 401 605 439 ue,
649 394 700 432 ut
727 386 879 430 evenit
907 386 1028 440 fere,
1068 386 1180 428 locis
1201 387 1260 426 fi-

75 440 179 482 mili
209 455 404 498 genere,
441 401 523 501 ipa
550 441 759 484 montani
793 450 926 498 atque
954 441 1144 492 agrestes
1176 439 1261 482 ‹le-

105 495 428 558 'opulabantur.
488 495 620 552 Quae
648 495 773 552 regio
799 498 830 536 fi
859 496 947 538 fida
979 487 1258 539 Samnitibus

98 550 247 604 mll‘et,
278 556 355 592 aut
373 553 621 609 pervenire
646 549 804 607 Arpos
827 551 1055 593 exercitus
1082 548 1262 594 Roma-

74 616 160 646 nus
190 606 429 662 nequiffet,
471 613 548 648 aut
578 605 816 660 interjecta
843 606 964 648 inter
984 605 1184 647 Romam
1212 609 1268 645 et·

12 665 14 668 ’
72 658 256 716 Arpos,
294 660 488 721 penuria
520 674 678 702 rerum
710 661 948 713 omnium,
991 658 1195 702 exclusos
1230 670 1260 699 a

73 711 400 756 commeat1bus
428 713 710 757 absumfiffet.
776 714 900 756 Tum
932 727 1113 771 quoque
1139 726 1256 770 pro-

70 765 212 808 sectos
233 766 341 809 inde
366 767 422 810 ad
445 767 717 818 Luceriam,
745 769 876 824 juxta
896 768 1146 811 obsidentes
1171 765 1256 807 ob-

68 821 316 879 seffosque,
355 822 512 880 inopia
543 824 743 865 vexavit.
816 822 990 866 Omnia
1021 821 1076 864 ab
1110 819 1254 877 Arpis

69 874 294 919 Romanis
315 875 742 933 subpeditabantur3
781 884 987 921 cet-frum
1015 875 1128 918 adeo
1151 874 1257 916 exi-

69 942 181 984 gue,
222 937 272 971 ut
302 929 468 982 militi,
509 930 733 986 obcupato
764 930 1025 975 stationibus
1057 928 1255 984 vigiliis·

68 997 156 1038 que
183 991 228 1026 et
243 996 408 1042 opere,
441 998 577 1041 eques
602 982 818 1029 folliculis
844 985 893 1028 in
915 986 1054 1029 castra
1075 984 1129 1027 ab
1155 984 1251 1025 Ar-

64 1037 138 1136 fis
181 1036 471 1080 frumentum
511 1037 723 1090 veheret3
778 1038 1012 1081 interdum
1056 1037 1252 1079 obcursu

83 1093 262 1135 1ostium
285 1099 548 1146 cogeretur,
579 1092 752 1145 abjecto
777 1107 836 1134 ex
863 1107 979 1148 equo
999 1091 1252 1144 frumento,

102 1159 290 1203 ugnare.
356 1145 416 1188 Et
437 1144 790 1203 obfesfisprius,
830 1161 967 1202 quam
991 1147 1106 1188 alter
1136 1159 1252 1187 con-

86 1201 133 1243 ul
157 1200 327 1242 victore
351 1200 558 1242 exercitu
579 1199 787 1251 advenit,
818 1209 861 1242 et
882 1207 1165 1245 commeatus
1189 1213 1250 1242 ex

63 1255 295 1300 montibus
318 1253 596 1297 Samnitium
620 1253 792 1299 invecti
814 1263 971 1306 erant,
1013 1261 1057 1296 et
1076 1253 1252 1296 auxilia

0 1334 3 1337 -
63 1309 329 1355 intromiss'a.
386 1307 602 1351 Arctiora
631 1311 789 1352 omnia
812 1309 1031 1355 adventus
1062 1305 1254 1352 Publilii

62 1364 198 1415 fecit3
228 1363 328 1419 qui,
358 1361 588 1404 obfidione
611 1361 815 1418 delegata
836 1363 886 1404 in
909 1377 1069 1406 curam
1091 1362 1253 1406 conle-

67 1433 175 1476 gae,
204 1431 374 1460 vacuus
391 1430 478 1474 per
500 1428 634 1470 agros
656 1423 815 1473 cuncta
834 1416 993 1460 infesta
1015 1426 1253 1459 commea-

68 1473 188 1516 tibus
210 1471 402 1513 hostium
423 1469 606 1512 fecerat.
662 1469 820 1527 ltaque
841 1486 983 1527 quum
1007 1471 1104 1529 spes
1127 1470 1258 1512 nulla

70 1529 199 1580 effet,
236 1525 405 1568 diutius
429 1523 616 1567 ,obseffos
639 1526 845 1580 inopiam
875 1527 1071 1577 laturos,
1110 1523 1256 1568 coacti

1 1622 6 1623 a
71 1579 325 1628 Samnites,
365 1580 445 1635 qui
475 1577 532 1619 ad
562 1577 811 1621 Luceriam
846 1580 985 1621 castra
1013 1578 1256 1631 habebant,

67 1634 272 1732 undgque
291 1634 535 1682 contr-actia
559 1632 736 1677 viribus
748 1665 763 1689 ‚
791 1635 915 1694 ligna
936 1648 1044 1677 cum
1064 1633 1255 1695 Papirio

65 1705 154 1733 con
176 1703 293 1731 erre.

178 1743 310 1788 XIV.
339 1742 428 1784 Per
448 1739 498 1785 id
517 1748 696 1807 tempus
710 1772 723 1794 ,
761 1742 1028 1801 parantibus
1045 1742 1255 1802 utrisque

67 1799 114 1841 se
133 1796 189 1840 ad
209 1796 438 1855 proelium
454 1826 466 1848 ,
494 1795 634 1852 legati
657 1797 901 1840 Tarentini
927 1798 1256 1854 interveniunt,

0 1894 6 1901 ,
69 1852 391 1897 denuntiantes
413 1850 690 1895 Samnitibus
709 1852 1048 1909 Romanisque,
1083 1859 1135 1897 ut
1151 1852 1255 1896 bel-

0 1909 13 1926 ''
67 1908 170 1952 lum
195 1906 476 1951 omitterent.
540 1905 631 1948 Per
660 1913 788 1951 utros
815 1906 1012 1960 stetiffet,
1049 1920 1138 1965 quo
1158 1907 1255 1950 mi·-

70 1977 158 2006 nus
195 1959 502 2003 discederetur
533 1959 588 2002 ab
627 1962 794 2012 armis,
850 1961 1063 2006 adversus
1098 1975 1176 2004 eos
1206 1960 1252 2004 se

69 2030 160 2074 pro
197 2014 350 2058 alteris
382 2021 678 2075 pugnaturos.
752 2016 820 2059 Ea
850 2015 1077 2074 legatione
1110 2015 1255 2074 Papi-

70 2072 170 2115 rius
198 2069 378 2123 audita,
413 2067 605 2128 perinde
640 2084 691 2114 ac
721 2078 874 2114 motus
910 2071 1038 2116 dictis
1075 2085 1254 2124 eorum,

71 2139 178 2167 eum
216 2124 406 2180 conlega
432 2124 478 2167 se
505 2127 954 2169 communicaturum
994 2124 1255 2183 respondit:

73 2179 313 2236 adcitoque
336 2193 414 2232 eu,
449 2191 594 2235 quum
623 2187 805 2239 tempus
827 2194 964 2224 omne
984 2182 1031 2224 in
1058 2179 1256 2237 adpara-

71 2241 125 2279 tu
142 2247 323 2302 pugnae
334 2232 979 2334 eonfumfill'etkcssniloquutus
999 2235 1058 2280 de
1070 2249 1123 2281 re
1131 2233 1259 2333 1ιὲιὲιέ
