1436 2462
205 113 290 161 370
385 114 563 148 nvn
596 88 785 149 mann
812 114 865 152 v.
919 100 1063 154 oAr:
1085 107 1148 154 16.
1176 125 1243 168 17·

210 226 293 269 bus
318 225 518 269 Etruscis
535 258 548 276 ,
583 226 641 272 ad
676 227 775 271 [uos
802 229 1045 275 transtulit.
1122 232 1219 289 Qui
1245 247 1387 291 quum

207 279 456 338 perductus
490 280 547 322 ad
573 282 923 339 imperatorem,
970 284 1077 328 inde
1099 286 1300 333 Romam
1329 288 1389 330 ad

212 338 418 377 senatum
443 335 598 378 miss'us
629 337 756 391 effet,
796 336 1122 384 sciscitantibus·
1198 341 1390 387 uiduam

209 387 259 431 id
282 388 406 451 efflat,
454 390 579 444 quod
611 389 666 432 de
691 390 794 433 lacu
822 391 1005 435 Albano
1036 356 1274 450 (humet,
1309 409 1390 438 re-

210 445 235 485 s
265 442 414 484 ondit:
453 439 669 504 Profecto
698 447 839 487 iratos
865 447 993 487 Deos
1023 447 1076 490 V
1070 449 1200 506 qemi
1219 464 1280 503 *po
1342 450 1387 491 lo

211 455 288 538 iiio
307 492 439 561 suff
468 497 561 546 die,
600 513 684 552 quo
689 497 782 556 fibi
803 514 896 540 eam
923 509 1104 542 mentem
1130 464 1388 564 objecffltt,

213 559 263 592 ut
291 551 505 591 excidium
541 554 718 604 patriae
735 549 896 616 fatale
921 554 1139 608 proderet.
1213 560 1388 614 Itaque,

209 619 322 660 quae
344 614 435 646 tum
464 608 662 647 cecinerit
695 607 848 647 divino
861 607 1031 667 spiritu
1056 609 1300 668 instinctus,
1338 625 1393 652 ea

201 657 257 724 sb
277 674 376 707 nec,
422 668 474 700 ut
501 660 670 700 indicta
682 659 805 716 sint,
845 674 1048 703 revocare
1070 661 1219 724 poffe;
1259 674 1304 706 et
1323 673 1395 707 ta-

212 707 561 808 εεηιίοῑῖοψεαη
574 742 586 761 ,
624 728 735 769 quae
751 715 843 755 Dii
862 717 1113 758 inmortales
1129 719 1306 772 vulgari
1324 719 1396 761 ‘ejeb

214 768 324 813 lint,
383 768 474 808 aud
495 769 657 815 minus,
689 782 818 823 quam
838 768 1020 809 celanda
1041 769 1236 865 effando,
1261 769 1394 837 nefas

212 823 430 864 contrahi.
503 823 576 864 Sic
597 825 731 875 igitur
758 821 883 863 libris
940 823 1054 864 atah·
1083 838 1156 872 us,
1175 824 1248 884 sic
1270 822 1394 886 ‹ilfi-1⁸-

213 877 340 931 plina
363 871 558 936 Etrusca
587 876 804 916 traditum
835 892 858 916 e
894 892 940 924 e,
984 885 1036 917 ut
1067 879 1242 934 quando
1273 894 1392 935 aqua

216 929 395 973 Albana
416 926 697 989 abundasset,
734 938 850 977 tum,
874 928 922 986 fi
944 945 1047 971 eam·
1064 935 1292 982 Romanus
1311 937 1396 976 rite

214 981 437 1042 emffiffit,
473 985 705 1024 victoriam
725 984 779 1023 de
803 985 1192 1048 Vejentibusdari.
1258 989 1392 1030 Ante·-

216 1050 349 1095 quarn
365 1035 543 1097 idfiat,
579 1038 708 1078 Deos
739 1052 908 1078 moenza
935 1039 1179 1101 ngentium
1206 1039 1394 1098 ἅςῙενεα-

216 1107 292 1133 ros
322 1107 408 1132 non
423 1087 530 1186 deffe.
598 1091 941 1146 Exsequebatur
974 1092 1106 1144 inde,
1156 1108 1272 1151 quae
1303 1094 1396 1139 sol-

219 1146 387 1189 lemn-is
453 1144 645 1186 erivatio
670 1145 786 1186 eIIet.
863 1145 952 1187 Sed
982 1154 1216 1190 auctorem
1242 1147 1397 1192 levem

217 1213 304 1242 nee
327 1199 427 1241 satis
455 1197 599 1240 fidum
625 1199 759 1255 super
775 1205 899 1241 tanta
918 1213 970 1241 re
991 1199 1148 1242 Patres
1166 1201 1280 1253 rati,
1311 1201 1395 1246 de'-

218 1268 406 1295 crevere
421 1285 432 1304 ‚
462 1252 630 1308 legatos
652 1252 880 1309 sortesque
908 1253 1083 1295 oraculi
1103 1254 1287 1312 Pythici
1309 1271 1394 1301 ex-

133 1312 136 1315 ’
213 1307 492 1365 spectandas.

328 1361 459 1405 XVI.
487 1359 761 1416 Priusquam
780 1375 806 1403 a
826 1360 1022 1418 Delphis
1042 1370 1246 1408 oratores
1267 1364 1394 1410 redi—

218 1423 324 1459 rent
338 1446 349 1466 ,
380 1414 610 1458 Albanive
630 1414 832 1470 prodigii
854 1414 1036 1472 piacula
1057 1417 1393 1473 invenirentur,

219 1472 329 1512 novi
362 1468 535 1511 tribuni
567 1469 767 1512 militum
800 1468 1027 1512 consulari
1051 1471 1288 1527 potestate,
1334 1473 1393 1515 L.

218 1523 366 1566 Julius
386 1523 408 1565 J
416 1522 539 1571 ulus,
579 1523 634 1564 L.
659 1522 825 1564 Furius
852 1521 1135 1581 Medullinus
1161 1532 1393 1597 quartum¹<

218 1579 276 1620 L.
301 1576 485 1631 Sergius
503 1575 724 1627 Fidenas,
752 1576 812 1618 A.
835 1577 1088 1619 Postumius
1108 1578 1390 1634 Regillenfis,

218 1633 270 1675 P.
297 1630 537 1673 Cornelius
562 1629 908 1684 Maluginensis,
935 1629 997 1673 A.
1021 1631 1247 1686 Manlius,
1286 1648 1390 1676 ma-

219 1686 451 1741 gistratum
482 1684 700 1726 inierunt.
781 1683 850 1726 Eo
885 1699 1006 1726 anno
1037 1685 1134 1727 Tar
1168 1686 1388 1733 uinifises

215 1741 330 1781 novi
360 1738 503 1780 hostes
535 1738 697 1782 exorti.
768 1738 891 1794 Quia
912 1738 1042 1780 fimul
1065 1752 1144 1780 mu
1166 1739 1222 1782 tis
1241 1739 1390 1793 bellis,

217 1792 492 1835 Volscorum
513 1791 570 1833 ad
591 1791 786 1845 Anxur,
824 1792 902 1834 ubi
920 1791 1195 1849 praesidium
1218 1793 1392 1836 obfide—

217 1846 376 1897 batur,
404 1846 677 1902 Aequorum
704 1845 760 1886 ad
778 1846 996 1899 Lavioes,
1035 1847 1111 1902 qui
1130 1847 1389 1890 Romanam

216 1899 283 1943 ibi
318 1899 546 1942 coloniam
585 1899 932 1956 obpugnabant,
992 1901 1049 1942 ad
1083 1899 1172 1943 hoc
1206 1900 1389 1955 Vejenti

217 1968 309 2010 quo
344 1968 400 1995 ue
425 1961 469 1995 et
487 1953 660 1995 Falisco
685 1961 729 1994 et
756 1953 973 2012 Capenati
996 1954 1116 1996 bello
1142 1953 1386 2011 obcupatos

217 2006 325 2051 vide
357 2015 434 2050 ant
453 2007 688 2049 Romanos
701 2039 713 2059 ,
745 2022 828 2049 nee
849 2008 970 2050 intra
986 2015 1143 2050 muros
1164 2007 1388 2064 quietiora

212 2059 402 2117 ¹negotia.
432 2061 515 2102 effe
547 2061 867 2104 certaminibus
902 2063 1090 2104 Patrum
1129 2075 1179 2103 ac
1213 2061 1387 2118 plebis;

217 2114 340 2157 inter
357 2113 468 2157 haee
485 2115 640 2156 locum
659 2115 852 2171 injuriae
870 2116 958 2158 rati
979 2117 1062 2159 else
1075 2146 1087 2167 ,
1122 2114 1387 2171 praedatum

216 2167 271 2211 in
294 2181 455 2224 agrum
487 2168 748 2211 Romanum
781 2170 987 2211 cohortes
1019 2168 1249 2224 expeditas
1276 2171 1389 2211 mit·-

215 2228 334 2266 tuut.
402 2222 502 2268 Aut
534 2222 657 2266 enim
686 2224 886 2282 paliuros
911 2222 1105 2266 inultam
1131 2236 1234 2266 eam
1259 2222 1386 2284 inju—

1266 2290 1386 2320 riam
