1436 2462
370 84 425 122 Δ.
442 85 494 120 v.
518 87 560 118 c.
581 72 677 119 455.
735 83 784 117 A.
800 83 845 117 e.
867 71 964 117 521.
993 88 1005 106 -·
1173 72 1258 125 619
1290 99 1294 109 -

73 201 363 259 merdant
375 202 399 244 3³
428 202 520 244 Hic
535 213 678 242 omnes
679 194 788 261 spes
809 212 994 253 opesque
1001 194 1127 258 sunt,
1146 204 1258 253 quas

237 259 295 299 do
312 259 507 311 patriam
517 251 749 316 servamus
764 268 779 295 .·
814 253 1017 295 dedendo,
1035 252 1098 293 ad
1116 265 1258 293 necem

76 315 276 367 patriam
300 307 530 377 deferimus
557 325 610 350 ac
638 309 877 362 prodimus.
935 310 997 350 At
1015 304 1165 367 foeda
1190 315 1260 347 at-

73 381 164 423 tque
185 361 475 427 ignommiosa
495 365 664 405 deditio
687 363 760 422 est'.
826 363 913 405 Sed
936 378 987 403 ea
1001 363 1167 403 caricas
1183 376 1262 415 pa·

78 423 198 463 triae
221 421 305 481 esi,
346 429 396 462 ut
417 429 510 461 tam
533 421 772 473 ignominia
803 433 923 466 eam,
962 432 1089 474 quam
1125 425 1263 458 morte

79 475 253 535 nostra,
275 474 324 534 fi
353 489 463 530 opus
474 472 570 530 stt,
597 470 837 533 servemus.
920 473 1136 516 subeatur
1160 482 1264 525 ergo

82 532 194 591 ff'sta,
233 525 580 586 quantacumque
606 527 688 589 est,
728 530 972 582 indignitas
979 544 996 576 ;
1043 536 1086 567 et
1108 540 1263 579 parea·

82 596 160 627 tur
181 581 440 646 uec-efficaci,
486 597 615 639 quam
646 599 698 623 ne
721 585 812 625 Dii
846 585 1016 639 quidem
1031 580 1265 643 superant.

85 643 181 686 Ite,
220 636 436 705 consules,
474 638 672 679 redimite
691 641 825 678 armis
845 640 1095 685 civitatem,
1133 650 1265 692 quam

81 709 194 736 auro
214 705 404 752 major-u
420 692 554 754 vestri
575 693 859 747 redemerunt.

194 748 252 792 V.
270 747 504 804 'Consules
530 746 727 806 profecti
756 747 810 790 ad
842 749 1057 792 Pontium
1081 746 1132 790 in
1154 760 1270 789 con-

84 803 327 860 loquium,
385 817 526 866 quum
567 801 623 843 de
650 801 837 846 foedere
873 807 1021 846 victor
1052 805 1270 857 agitaret,

85 865 340 912 negarunt,
392 857 556 910 mjuffu
589 858 753 913 populi
787 857 947 900 foedus
986 858 1088 900 fieri
1124 856 1271 913 poffe,

87 925 174 953 nec
196 913 287 954 fine
311 911 542 955 fetialibus
561 914 912 969 ceremoniaque
934 912 1022 954 alia
1046 912 1272 953 sollemni.

79 965 247 1021 'Itaque
278 980 400 1017 non,
454 972 505 1008 ut
533 964 673 1020 vulgo
703 965 916 1019 credunt,
962 964 1274 1020 Claudiusque

90 1019 230 1062 etiam
256 1019 435 1073 scribit,
474 1019 662 1062 foedere
686 1034 780 1077 pax
812 1020 1042 1073 Caudina,
1085 1019 1157 1060 [ed
1187 1032 1275 1076 per

87 1075 374 1131 sponfionem
394 1104 407 1124 ‚
446 1073 565 1116 facta
585 1073 657 1113 est.
728 1073 850 1129 Quid
876 1075 1000 1117 enim
1034 1082 1109 1116 aut
1139 1073 1279 1133 spon-
1309 1099 1311 1103 .

89 1129 267 1172 foribus
286 1127 337 1170 in
362 1126 551 1170 foedere
572 1140 688 1182 opus
709 1129 813 1171 eil'et
833 1137 912 1171 aut
931 1128 1173 1180 obsidibus,
1196 1127 1279 1170 ubi

90 1186 357 1243 precatione
383 1197 456 1225 res
477 1182 778 1237 transigitur?
815 1198 894 1233 per
919 1198 1042 1240 quem
1066 1183 1278 1235 populum

81 1239 207 1298 fiat,
232 1252 318 1292 quo
340 1239 480 1279 minus
502 1237 670 1290 legibus
687 1239 820 1278 dictis
829 1238 998 1298 stetur,
1027 1246 1077 1278 ut
1095 1251 1188 1277 eum
1208 1239 1278 1277 ita

95 1294 274 1346 Jupiter
287 1291 464 1350 feriat,
493 1291 853 1345 quemadmodum
873 1308 903 1332 a
917 1291 1160 1350 fetialibus
1178 1307 1279 1346 por-

95 1362 175 1388 cus
180 1343 398 1407 feriatur.
470 1345 832 1401 Spoponderam
855 1347 1057 1388 consules
1074 1377 1086 1397 ‚
1125 1346 1281 1400 legati,

96 1401 351 1459 quaestores
371 1432 383 1452 ,
412 1400 586 1442 tribuni
612 1400 843 1451 militum3
875 1400 1152 1455 nominaque
1178 1415 1284 1442 om-

97 1455 255 1508 nium,
293 1456 372 1511 qui
400 1453 769 1511 spoponderunt,
801 1455 995 1496 exstant:
1037 1454 1140 1507 ubi,
1169 1456 1198 1495 fi
1221 1470 1283 1498 ex

98 1509 289 1554 foedere
317 1516 416 1551 aeta
443 1522 517 1550 res
552 1510 682 1559 estet,
728 1518 1055 1565 praeterquam
1083 1507 1285 1553 duorum

80 1564 356 1615 fetialium,
386 1578 481 1606 non
503 1564 757 1614 exstarent3
796 1570 840 1604 et
866 1571 1060 1620 propter
1085 1565 1286 1605 neceffa-

100 1619 222 1662 riam
241 1617 443 1661 foederis
463 1617 728 1659 dilationem
747 1617 919 1659 obfides
935 1618 1071 1660 etiam
1093 1619 1290 1666 sexcenf

101 1673 142 1716 ti
159 1674 331 1730 equites
353 1672 594 1730 imperati,
633 1671 710 1728 qui
731 1673 876 1728 capite
897 1671 1107 1725 luerent,
1148 1674 1176 1711 fi
1199 1687 1288 1730 pa·-

106 1736 180 1770 cto
206 1742 301 1769 non
329 1727 532 1769 staretur.
590 1727 798 1783 Tempus
823 1725 931 1767 inde
954 1726 1167 1768 statutum
1187 1734 1286 1768 tra-

107 1781 269 1824 (lendis
293 1780 516 1822 obsidibus
538 1779 833 1836 exercituque
861 1780 1030 1821 inermi
1051 1781 1290 1824 mittendo.

105 1835 458 1890 Redintegravit
482 1835 655 1879 luctum
686 1834 735 1875 in
762 1835 912 1876 eastris
939 1835 1176 1877 consulum
1206 1838 1293 1879 ad·-

109 1898 297 1941 ventus‚
329 1895 377 1930 ut
397 1889 479 1931 vix
499 1890 554 1932 ab
566 1889 632 1931 iis
655 1889 932 1931 abstinerent
954 1904 1140 1942 manus,
1201 1906 1291 1932 uo·-

109 1959 214 1989 rum
238 1943 493 1986 temeritate
519 1944 567 1986 in
597 1958 701 1986 eum
731 1944 886 1985 locum
913 1943 1094 1986 deducti
1127 1959 1149 1986 e
1188 1953 1291 1998 cnt3

113 2012 313 2056 quorum
332 1997 518 2052 ignavia
538 1998 716 2041 foedius
736 1997 867 2051 inde,
897 2011 1036 2054 quam
1059 1999 1294 2051 venissent,

116 2053 298 2095 abituri.
366 2053 464 2094 Illis
489 2069 574 2095 non
609 2054 757 2094 ducem
784 2053 997 2099 locorum.
1034 2068 1120 2094 non
1146 2055 1294 2106 explo-

114 2100 491 2171 ratormfuffl'e‚
537 2109 772 2149 belluarum
802 2109 931 2148 modo
968 2123 1118 2148 caecos
1149 2111 1194 2148 in
1208 2105 1295 2205 lfo-

115 2177 242 2204 veum
267 2159 423 2221 mffos.
492 2162 592 2206 Alii
617 2162 728 2205 alios
756 2161 949 2215 intueri,
996 2169 1206 2220 contemp
1228 2165 1300 2207 ari

116 2231 248 2266 arma
269 2230 383 2260 mox
405 2217 648 2274 tradenda,
690 2223 735 2261 ct
751 2217 952 2263 inermes
973 2215 1154 2260 suturas
1181 2217 1299 2260 dex-

1184 2279 1305 2331 -tras5
