<?xml version="1.0" encoding="UTF-8"?>
<!DOCTYPE html PUBLIC "-//W3C//DTD XHTML 1.0 Transitional//EN"
    "http://www.w3.org/TR/xhtml1/DTD/xhtml1-transitional.dtd">
<html xmlns="http://www.w3.org/1999/xhtml" xml:lang="en" lang="en">
 <head>
  <title>
</title>
<meta http-equiv="Content-Type" content="text/html;charset=utf-8" />
  <meta name='ocr-system' content='tesseract 3.04.00' />
  <meta name='ocr-capabilities' content='ocr_page ocr_carea ocr_par ocr_line ocrx_word'/>
</head>
<body>
  <div class='ocr_page' id='page_1' title='image "./historiarumlibr01livyuoft_0611.png"; bbox 0 0 1436 2462; ppageno 0'>
   <div class='ocr_carea' id='block_1_1' title="bbox 358 68 1262 122">
    <p class='ocr_par' dir='ltr' id='par_1_1' title="bbox 358 68 1262 122">
     <span class='ocr_line' id='line_1_1' title="bbox 358 68 1262 122; baseline 0.001 -8"><span class='ocrx_word' id='word_1_1' title='bbox 358 83 410 120; x_wconf 69' lang='lat' dir='ltr'><strong>A·</strong></span> <span class='ocrx_word' id='word_1_2' title='bbox 434 81 486 116; x_wconf 79' lang='lat' dir='ltr'><strong>v.</strong></span> <span class='ocrx_word' id='word_1_3' title='bbox 507 82 550 115; x_wconf 87' lang='lat' dir='ltr'><strong>c.</strong></span> <span class='ocrx_word' id='word_1_4' title='bbox 569 68 668 115; x_wconf 77' lang='lat'><strong>412.</strong></span> <span class='ocrx_word' id='word_1_5' title='bbox 725 78 776 115; x_wconf 74' lang='lat' dir='ltr'><strong>A:</strong></span> <span class='ocrx_word' id='word_1_6' title='bbox 801 81 846 114; x_wconf 89' lang='lat' dir='ltr'><strong>c.</strong></span> <span class='ocrx_word' id='word_1_7' title='bbox 873 68 971 114; x_wconf 76' lang='lat'>¹542.</span> <span class='ocrx_word' id='word_1_8' title='bbox 1179 76 1262 122; x_wconf 74' lang='lat'><strong>537</strong></span> 
     </span>
    </p>
   </div>
   <div class='ocr_carea' id='block_1_2' title="bbox 55 191 1270 527">
    <p class='ocr_par' dir='ltr' id='par_1_2' title="bbox 55 191 1270 527">
     <span class='ocr_line' id='line_1_2' title="bbox 73 191 1262 256; baseline -0.013 -6"><span class='ocrx_word' id='word_1_9' title='bbox 73 194 496 256; x_wconf 51' lang='lat' dir='ltr'><strong>stunzeompellunu</strong></span> <span class='ocrx_word' id='word_1_10' title='bbox 542 192 708 238; x_wconf 74' lang='lat' dir='ltr'><strong>deiude</strong></span> <span class='ocrx_word' id='word_1_11' title='bbox 741 194 882 237; x_wconf 85' lang='lat' dir='ltr'><strong>castra</strong></span> <span class='ocrx_word' id='word_1_12' title='bbox 911 192 1031 252; x_wconf 84' lang='lat' dir='ltr'><strong>ipsa,</strong></span> <span class='ocrx_word' id='word_1_13' title='bbox 1071 191 1262 236; x_wconf 83' lang='lat' dir='ltr'><strong>turbatis</strong></span> 
     </span>
     <span class='ocr_line' id='line_1_3' title="bbox 55 247 1265 309; baseline -0.005 -13"><span class='ocrx_word' id='word_1_14' title='bbox 55 251 364 305; x_wconf 30' lang='lat' dir='ltr'><strong>*monibuffi</strong></span> <span class='ocrx_word' id='word_1_15' title='bbox 402 250 604 309; x_wconf 84' lang='lat' dir='ltr'><strong>capiunt.</strong></span> <span class='ocrx_word' id='word_1_16' title='bbox 675 249 918 292; x_wconf 80' lang='lat' dir='ltr'><strong>Perfertur</strong></span> <span class='ocrx_word' id='word_1_17' title='bbox 949 248 1070 290; x_wconf 75' lang='lat' dir='ltr'><strong>circa</strong></span> <span class='ocrx_word' id='word_1_18' title='bbox 1097 247 1265 290; x_wconf 88' lang='lat' dir='ltr'><strong>collem</strong></span> 
     </span>
     <span class='ocr_line' id='line_1_4' title="bbox 75 302 1266 362; baseline -0.006 -11"><span class='ocrx_word' id='word_1_19' title='bbox 75 306 283 355; x_wconf 59' lang='lat' dir='ltr'><strong>demon</strong></span> <span class='ocrx_word' id='word_1_20' title='bbox 318 304 537 362; x_wconf 75' lang='lat' dir='ltr'>fugatque</span> <span class='ocrx_word' id='word_1_21' title='bbox 558 319 618 348; x_wconf 84' lang='lat' dir='ltr'><strong>ex</strong></span> <span class='ocrx_word' id='word_1_22' title='bbox 648 304 737 347; x_wconf 78' lang='lat' dir='ltr'><strong>fuis</strong></span> <span class='ocrx_word' id='word_1_23' title='bbox 764 317 992 360; x_wconf 86' lang='lat' dir='ltr'><strong>quemque</strong></span> <span class='ocrx_word' id='word_1_24' title='bbox 1018 302 1266 360; x_wconf 69' lang='lat' dir='ltr'><strong>praefidiis.⁴</strong></span> 
     </span>
     <span class='ocr_line' id='line_1_5' title="bbox 76 358 1268 417; baseline -0.003 -15"><span class='ocrx_word' id='word_1_25' title='bbox 76 362 151 413; x_wconf 76' lang='lat' dir='ltr'><strong>Ita</strong></span> <span class='ocrx_word' id='word_1_26' title='bbox 173 372 343 415; x_wconf 80' lang='lat' dir='ltr'><strong>magna</strong></span> <span class='ocrx_word' id='word_1_27' title='bbox 366 374 475 417; x_wconf 85' lang='lat' dir='ltr'><strong>pars</strong></span> <span class='ocrx_word' id='word_1_28' title='bbox 497 358 668 404; x_wconf 74' lang='lat' dir='ltr'><strong>absenti</strong></span> <span class='ocrx_word' id='word_1_29' title='bbox 693 358 806 401; x_wconf 82' lang='lat' dir='ltr'><strong>hosti</strong></span> <span class='ocrx_word' id='word_1_30' title='bbox 832 358 965 401; x_wconf 79' lang='lat' dir='ltr'><strong>cessit.</strong></span> <span class='ocrx_word' id='word_1_31' title='bbox 1037 358 1166 413; x_wconf 86' lang='lat' dir='ltr'><strong>Quos</strong></span> <span class='ocrx_word' id='word_1_32' title='bbox 1189 359 1268 399; x_wconf 81' lang='lat' dir='ltr'><strong>in-</strong></span> 
     </span>
     <span class='ocr_line' id='line_1_6' title="bbox 78 411 1270 472; baseline -0.003 -14"><span class='ocrx_word' id='word_1_33' title='bbox 78 423 152 462; x_wconf 72' lang='lat' dir='ltr'><strong>tra</strong></span> <span class='ocrx_word' id='word_1_34' title='bbox 171 415 350 458; x_wconf 82' lang='lat' dir='ltr'><strong>vallum</strong></span> <span class='ocrx_word' id='word_1_35' title='bbox 371 421 527 470; x_wconf 83' lang='lat' dir='ltr'><strong>egerat</strong></span> <span class='ocrx_word' id='word_1_36' title='bbox 544 427 717 472; x_wconf 56' lang='lat' dir='ltr'><strong>pavor,</strong></span> <span class='ocrx_word' id='word_1_37' title='bbox 748 411 896 469; x_wconf 82' lang='lat' dir='ltr'><strong>(fuere</strong></span> <span class='ocrx_word' id='word_1_38' title='bbox 920 420 1073 455; x_wconf 73' lang='lat' dir='ltr'><strong>autem</strong></span> <span class='ocrx_word' id='word_1_39' title='bbox 1100 411 1158 455; x_wconf 82' lang='lat' dir='ltr'><strong>ad</strong></span> <span class='ocrx_word' id='word_1_40' title='bbox 1181 412 1270 455; x_wconf 84' lang='lat' dir='ltr'><strong>tri·-</strong></span> 
     </span>
     <span class='ocr_line' id='line_1_7' title="bbox 74 464 1116 527; baseline -0.001 -14"><span class='ocrx_word' id='word_1_41' title='bbox 74 464 211 527; x_wconf 73' lang='lat' dir='ltr'><strong>&#39;ginta</strong></span> <span class='ocrx_word' id='word_1_42' title='bbox 227 469 392 527; x_wconf 81' lang='lat' dir='ltr'><strong>millia)</strong></span> <span class='ocrx_word' id='word_1_43' title='bbox 414 483 572 512; x_wconf 87' lang='lat' dir='ltr'><strong>omnes</strong></span> <span class='ocrx_word' id='word_1_44' title='bbox 597 469 734 523; x_wconf 79' lang='lat' dir='ltr'><strong>caefi3</strong></span> <span class='ocrx_word' id='word_1_45' title='bbox 764 467 905 511; x_wconf 82' lang='lat' dir='ltr'><strong>castra</strong></span> <span class='ocrx_word' id='word_1_46' title='bbox 922 467 1116 526; x_wconf 80' lang='lat' dir='ltr'><strong>direpta.</strong></span> 
     </span>
    </p>
   </div>
   <div class='ocr_carea' id='block_1_3' title="bbox 75 575 1288 2324">
    <p class='ocr_par' dir='ltr' id='par_1_3' title="bbox 75 575 1288 2324">
     <span class='ocr_line' id='line_1_8' title="bbox 191 575 1268 636; baseline 0.001 -16"><span class='ocrx_word' id='word_1_47' title='bbox 191 575 450 622; x_wconf 91' lang='lat' dir='ltr'>XXXVII.</span> <span class='ocrx_word' id='word_1_48' title='bbox 479 577 550 621; x_wconf 82' lang='lat' dir='ltr'><strong>Ita</strong></span> <span class='ocrx_word' id='word_1_49' title='bbox 566 578 702 621; x_wconf 90' lang='lat' dir='ltr'><strong>rebus</strong></span> <span class='ocrx_word' id='word_1_50' title='bbox 725 577 881 636; x_wconf 84' lang='lat' dir='ltr'><strong>gestis,</strong></span> <span class='ocrx_word' id='word_1_51' title='bbox 910 577 1093 626; x_wconf 84' lang='lat' dir='ltr'><strong>consul,</strong></span> <span class='ocrx_word' id='word_1_52' title='bbox 1122 577 1268 621; x_wconf 78' lang='lat' dir='ltr'><strong>advo-</strong></span> 
     </span>
     <span class='ocr_line' id='line_1_9' title="bbox 77 632 1268 690; baseline 0.001 -16"><span class='ocrx_word' id='word_1_53' title='bbox 77 637 182 675; x_wconf 80' lang='lat' dir='ltr'><strong>cata</strong></span> <span class='ocrx_word' id='word_1_54' title='bbox 202 632 448 684; x_wconf 84' lang='lat' dir='ltr'>concione,</span> <span class='ocrx_word' id='word_1_55' title='bbox 475 633 529 676; x_wconf 86' lang='lat' dir='ltr'><strong>P.</strong></span> <span class='ocrx_word' id='word_1_56' title='bbox 550 633 685 675; x_wconf 85' lang='lat' dir='ltr'>Decii</span> <span class='ocrx_word' id='word_1_57' title='bbox 703 649 798 676; x_wconf 89' lang='lat' dir='ltr'><strong>non</strong></span> <span class='ocrx_word' id='word_1_58' title='bbox 814 641 996 690; x_wconf 85' lang='lat' dir='ltr'><strong>coeptas</strong></span> <span class='ocrx_word' id='word_1_59' title='bbox 1019 634 1163 675; x_wconf 86' lang='lat' dir='ltr'><strong>solum</strong></span> <span class='ocrx_word' id='word_1_60' title='bbox 1180 648 1268 676; x_wconf 87' lang='lat' dir='ltr'><strong>an-</strong></span> 
     </span>
     <span class='ocr_line' id='line_1_10' title="bbox 81 685 1270 746; baseline 0.001 -17"><span class='ocrx_word' id='word_1_61' title='bbox 81 694 127 729; x_wconf 76' lang='lat' dir='ltr'><strong>te</strong></span> <span class='ocrx_word' id='word_1_62' title='bbox 144 715 156 733; x_wconf 90' lang='lat'><strong>,</strong></span> <span class='ocrx_word' id='word_1_63' title='bbox 186 685 261 727; x_wconf 74' lang='lat' dir='ltr'><strong>l&#39;ed</strong></span> <span class='ocrx_word' id='word_1_64' title='bbox 281 687 532 730; x_wconf 72' lang='lat' dir='ltr'><strong>cumulatas</strong></span> <span class='ocrx_word' id='word_1_65' title='bbox 560 702 683 729; x_wconf 86' lang='lat' dir='ltr'><strong>nova</strong></span> <span class='ocrx_word' id='word_1_66' title='bbox 703 688 872 731; x_wconf 84' lang='lat' dir='ltr'><strong>virtute</strong></span> <span class='ocrx_word' id='word_1_67' title='bbox 887 687 1046 731; x_wconf 84' lang='lat' dir='ltr'><strong>laudes</strong></span> <span class='ocrx_word' id='word_1_68' title='bbox 1061 687 1270 746; x_wconf 82' lang='lat' dir='ltr'><strong>peragit;</strong></span> 
     </span>
     <span class='ocr_line' id='line_1_11' title="bbox 82 741 1274 798; baseline 0.001 -16"><span class='ocrx_word' id='word_1_69' title='bbox 82 750 130 783; x_wconf 80' lang='lat' dir='ltr'><strong>et</strong></span> <span class='ocrx_word' id='word_1_70' title='bbox 159 746 342 798; x_wconf 80' lang='lat' dir='ltr'><strong>praeter</strong></span> <span class='ocrx_word' id='word_1_71' title='bbox 373 741 596 784; x_wconf 78' lang='lat' dir='ltr'><strong>militaria</strong></span> <span class='ocrx_word' id='word_1_72' title='bbox 628 743 719 786; x_wconf 84' lang='lat' dir='ltr'><strong>alia</strong></span> <span class='ocrx_word' id='word_1_73' title='bbox 750 742 894 796; x_wconf 85' lang='lat' dir='ltr'><strong>dona,</strong></span> <span class='ocrx_word' id='word_1_74' title='bbox 935 757 1074 785; x_wconf 84' lang='lat' dir='ltr'><strong>aurea</strong></span> <span class='ocrx_word' id='word_1_75' title='bbox 1100 757 1274 784; x_wconf 86' lang='lat' dir='ltr'><strong>corona</strong></span> 
     </span>
     <span class='ocr_line' id='line_1_12' title="bbox 84 796 1272 856; baseline 0.002 -20"><span class='ocrx_word' id='word_1_76' title='bbox 84 809 191 856; x_wconf 41' lang='lat' dir='ltr'><strong>euin</strong></span> <span class='ocrx_word' id='word_1_77' title='bbox 226 802 272 837; x_wconf 85' lang='lat' dir='ltr'><strong>et</strong></span> <span class='ocrx_word' id='word_1_78' title='bbox 307 802 489 838; x_wconf 81' lang='lat' dir='ltr'><strong>centum</strong></span> <span class='ocrx_word' id='word_1_79' title='bbox 526 797 699 852; x_wconf 89' lang='lat' dir='ltr'>bubus,</span> <span class='ocrx_word' id='word_1_80' title='bbox 751 797 1014 854; x_wconf 79' lang='lat' dir='ltr'><strong>eximioque</strong></span> <span class='ocrx_word' id='word_1_81' title='bbox 1046 812 1140 839; x_wconf 86' lang='lat' dir='ltr'><strong>uno</strong></span> <span class='ocrx_word' id='word_1_82' title='bbox 1167 796 1272 839; x_wconf 87' lang='lat' dir='ltr'><strong>albo</strong></span> 
     </span>
     <span class='ocr_line' id='line_1_13' title="bbox 86 851 1273 907; baseline 0.003 -16"><span class='ocrx_word' id='word_1_83' title='bbox 86 863 247 906; x_wconf 76' lang='lat' dir='ltr'>opimo</span> <span class='ocrx_word' id='word_1_84' title='bbox 267 851 438 893; x_wconf 81' lang='lat' dir='ltr'><strong>auratis</strong></span> <span class='ocrx_word' id='word_1_85' title='bbox 464 852 704 906; x_wconf 79' lang='lat' dir='ltr'><strong>cornibus,</strong></span> <span class='ocrx_word' id='word_1_86' title='bbox 745 851 898 895; x_wconf 77' lang='lat' dir='ltr'><strong>donat.</strong></span> <span class='ocrx_word' id='word_1_87' title='bbox 963 852 1160 903; x_wconf 79' lang='lat' dir='ltr'><strong>Milites,</strong></span> <span class='ocrx_word' id='word_1_88' title='bbox 1192 853 1273 907; x_wconf 88' lang='lat' dir='ltr'><strong>qui</strong></span> 
     </span>
     <span class='ocr_line' id='line_1_14' title="bbox 81 902 1270 965; baseline 0.001 -19"><span class='ocrx_word' id='word_1_89' title='bbox 81 903 135 946; x_wconf 82' lang='lat' dir='ltr'><strong>in</strong></span> <span class='ocrx_word' id='word_1_90' title='bbox 159 902 384 960; x_wconf 85' lang='lat' dir='ltr'><strong>praefidio</strong></span> <span class='ocrx_word' id='word_1_91' title='bbox 415 905 547 950; x_wconf 85' lang='lat' dir='ltr'><strong>fimul</strong></span> <span class='ocrx_word' id='word_1_92' title='bbox 579 905 788 958; x_wconf 81' lang='lat' dir='ltr'><strong>fuerant,</strong></span> <span class='ocrx_word' id='word_1_93' title='bbox 826 906 1001 965; x_wconf 84' lang='lat' dir='ltr'><strong>duplici</strong></span> <span class='ocrx_word' id='word_1_94' title='bbox 1032 903 1270 948; x_wconf 82' lang='lat' dir='ltr'><strong>frumento</strong></span> 
     </span>
     <span class='ocr_line' id='line_1_15' title="bbox 82 957 1276 1018; baseline 0.002 -17"><span class='ocrx_word' id='word_1_95' title='bbox 82 957 135 1001; x_wconf 83' lang='lat' dir='ltr'><strong>in</strong></span> <span class='ocrx_word' id='word_1_96' title='bbox 154 957 458 1015; x_wconf 81' lang='lat' dir='ltr'><strong>perpetuum,</strong></span> <span class='ocrx_word' id='word_1_97' title='bbox 485 960 536 1002; x_wconf 87' lang='lat' dir='ltr'><strong>in</strong></span> <span class='ocrx_word' id='word_1_98' title='bbox 554 961 810 1018; x_wconf 78' lang='lat' dir='ltr'><strong>praesentia</strong></span> <span class='ocrx_word' id='word_1_99' title='bbox 827 961 1012 1017; x_wconf 75' lang='lat' dir='ltr'><strong>fingulis</strong></span> <span class='ocrx_word' id='word_1_100' title='bbox 1035 958 1180 1002; x_wconf 89' lang='lat' dir='ltr'><strong>bubus</strong></span> <span class='ocrx_word' id='word_1_101' title='bbox 1199 960 1276 1003; x_wconf 90' lang='lat' dir='ltr'><strong>bi-</strong></span> 
     </span>
     <span class='ocr_line' id='line_1_16' title="bbox 84 1012 1274 1070; baseline 0.002 -16"><span class='ocrx_word' id='word_1_102' title='bbox 84 1012 249 1068; x_wconf 84' lang='lat' dir='ltr'><strong>nisque</strong></span> <span class='ocrx_word' id='word_1_103' title='bbox 271 1013 417 1070; x_wconf 84' lang='lat' dir='ltr'><strong>privis</strong></span> <span class='ocrx_word' id='word_1_104' title='bbox 445 1015 612 1058; x_wconf 85' lang='lat' dir='ltr'><strong>tunicis</strong></span> <span class='ocrx_word' id='word_1_105' title='bbox 637 1016 810 1060; x_wconf 84' lang='lat' dir='ltr'><strong>donati.</strong></span> <span class='ocrx_word' id='word_1_106' title='bbox 869 1013 1130 1058; x_wconf 82' lang='lat' dir='ltr'><strong>Secundum</strong></span> <span class='ocrx_word' id='word_1_107' title='bbox 1158 1028 1274 1056; x_wconf 86' lang='lat' dir='ltr'><strong>con-</strong></span> 
     </span>
     <span class='ocr_line' id='line_1_17' title="bbox 85 1065 1276 1126; baseline 0.004 -19"><span class='ocrx_word' id='word_1_108' title='bbox 85 1065 196 1111; x_wconf 77' lang='lat' dir='ltr'><strong>[ulis</strong></span> <span class='ocrx_word' id='word_1_109' title='bbox 217 1066 514 1111; x_wconf 82' lang='lat' dir='ltr'><strong>donationem</strong></span> <span class='ocrx_word' id='word_1_110' title='bbox 531 1069 735 1126; x_wconf 86' lang='lat' dir='ltr'><strong>legiones</strong></span> <span class='ocrx_word' id='word_1_111' title='bbox 751 1070 1038 1126; x_wconf 82' lang='lat' dir='ltr'>gramineam</span> <span class='ocrx_word' id='word_1_112' title='bbox 1053 1083 1276 1112; x_wconf 84' lang='lat' dir='ltr'><strong>coronam</strong></span> 
     </span>
     <span class='ocr_line' id='line_1_18' title="bbox 75 1118 1276 1180; baseline 0.003 -17"><span class='ocrx_word' id='word_1_113' title='bbox 75 1118 437 1175; x_wconf 75' lang='lat' dir='ltr'><strong>¹obfidionalem,</strong></span> <span class='ocrx_word' id='word_1_114' title='bbox 487 1123 691 1167; x_wconf 86' lang='lat' dir='ltr'><strong>clamore</strong></span> <span class='ocrx_word' id='word_1_115' title='bbox 726 1124 902 1167; x_wconf 90' lang='lat' dir='ltr'><strong>donum</strong></span> <span class='ocrx_word' id='word_1_116' title='bbox 946 1122 1276 1180; x_wconf 69' lang='lat' dir='ltr'>adprobantes,</span> 
     </span>
     <span class='ocr_line' id='line_1_19' title="bbox 84 1173 1279 1232; baseline 0.003 -14"><span class='ocrx_word' id='word_1_117' title='bbox 84 1173 232 1218; x_wconf 85' lang='lat' dir='ltr'>Decio</span> <span class='ocrx_word' id='word_1_118' title='bbox 251 1174 300 1217; x_wconf 92' lang='lat' dir='ltr'><strong>in</strong></span> <span class='ocrx_word' id='word_1_119' title='bbox 337 1185 496 1221; x_wconf 85' lang='lat' dir='ltr'><strong>onunt.</strong></span> <span class='ocrx_word' id='word_1_120' title='bbox 550 1177 717 1222; x_wconf 86' lang='lat' dir='ltr'><strong>Altera</strong></span> <span class='ocrx_word' id='word_1_121' title='bbox 743 1193 937 1231; x_wconf 87' lang='lat' dir='ltr'><strong>corona,</strong></span> <span class='ocrx_word' id='word_1_122' title='bbox 967 1177 1166 1232; x_wconf 64' lang='lat' dir='ltr'><strong>ejusdem</strong></span> <span class='ocrx_word' id='word_1_123' title='bbox 1185 1177 1279 1221; x_wconf 84' lang='lat' dir='ltr'><strong>ho-</strong></span> 
     </span>
     <span class='ocr_line' id='line_1_20' title="bbox 82 1229 1270 1291; baseline 0.004 -20"><span class='ocrx_word' id='word_1_124' title='bbox 82 1230 212 1274; x_wconf 80' lang='lat' dir='ltr'><strong>noris</strong></span> <span class='ocrx_word' id='word_1_125' title='bbox 234 1233 282 1276; x_wconf 86' lang='lat' dir='ltr'><strong>in</strong></span> <span class='ocrx_word' id='word_1_126' title='bbox 315 1245 400 1286; x_wconf 83' lang='lat' dir='ltr'><strong>ex,</strong></span> <span class='ocrx_word' id='word_1_127' title='bbox 438 1247 465 1274; x_wconf 87' lang='lat' dir='ltr'><strong>a</strong></span> <span class='ocrx_word' id='word_1_128' title='bbox 483 1232 708 1290; x_wconf 70' lang='lat' dir='ltr'><strong>praesidio</strong></span> <span class='ocrx_word' id='word_1_129' title='bbox 738 1236 816 1276; x_wconf 87' lang='lat' dir='ltr'><strong>suo</strong></span> <span class='ocrx_word' id='word_1_130' title='bbox 836 1234 1029 1291; x_wconf 73' lang='lat' dir='ltr'><strong>inpolita</strong></span> <span class='ocrx_word' id='word_1_131' title='bbox 1051 1232 1124 1275; x_wconf 87' lang='lat' dir='ltr'><strong>est.</strong></span> <span class='ocrx_word' id='word_1_132' title='bbox 1180 1229 1270 1276; x_wconf 87' lang='lat' dir='ltr'><strong>His</strong></span> 
     </span>
     <span class='ocr_line' id='line_1_21' title="bbox 88 1281 1275 1345; baseline 0.005 -20"><span class='ocrx_word' id='word_1_133' title='bbox 88 1281 329 1345; x_wconf 58' lang='lat' dir='ltr'><strong>glecoratus</strong></span> <span class='ocrx_word' id='word_1_134' title='bbox 367 1286 616 1343; x_wconf 83' lang='lat' dir='ltr'><strong>infignibus</strong></span> <span class='ocrx_word' id='word_1_135' title='bbox 656 1287 824 1331; x_wconf 83' lang='lat' dir='ltr'><strong>bovem</strong></span> <span class='ocrx_word' id='word_1_136' title='bbox 866 1287 1093 1331; x_wconf 85' lang='lat' dir='ltr'><strong>eximium</strong></span> <span class='ocrx_word' id='word_1_137' title='bbox 1127 1287 1275 1331; x_wconf 79' lang='lat' dir='ltr'><strong>Marti</strong></span> 
     </span>
     <span class='ocr_line' id='line_1_22' title="bbox 88 1339 1277 1392; baseline 0.003 -11"><span class='ocrx_word' id='word_1_138' title='bbox 88 1339 362 1392; x_wconf 78' lang='lat' dir='ltr'><strong>1nmolavit3</strong></span> <span class='ocrx_word' id='word_1_139' title='bbox 397 1350 582 1385; x_wconf 85' lang='lat' dir='ltr'><strong>centum</strong></span> <span class='ocrx_word' id='word_1_140' title='bbox 610 1342 749 1384; x_wconf 86' lang='lat' dir='ltr'><strong>boves</strong></span> <span class='ocrx_word' id='word_1_141' title='bbox 775 1341 1001 1385; x_wconf 83' lang='lat' dir='ltr'><strong>militibus</strong></span> <span class='ocrx_word' id='word_1_142' title='bbox 1032 1341 1154 1384; x_wconf 78' lang='lat' dir='ltr'><strong>dono</strong></span> <span class='ocrx_word' id='word_1_143' title='bbox 1191 1341 1277 1385; x_wconf 79' lang='lat' dir='ltr'><strong>de·-</strong></span> 
     </span>
     <span class='ocr_line' id='line_1_23' title="bbox 92 1391 1280 1453; baseline 0 -14"><span class='ocrx_word' id='word_1_144' title='bbox 92 1391 184 1447; x_wconf 68' lang='lat' dir='ltr'><strong>dit,</strong></span> <span class='ocrx_word' id='word_1_145' title='bbox 215 1395 301 1450; x_wconf 83' lang='lat' dir='ltr'><strong>&#39;qui</strong></span> <span class='ocrx_word' id='word_1_146' title='bbox 331 1396 484 1442; x_wconf 79' lang='lat' dir='ltr'><strong>secum</strong></span> <span class='ocrx_word' id='word_1_147' title='bbox 519 1396 570 1438; x_wconf 91' lang='lat' dir='ltr'><strong>in</strong></span> <span class='ocrx_word' id='word_1_148' title='bbox 597 1395 891 1453; x_wconf 71' lang='lat' dir='ltr'><strong>expeditione</strong></span> <span class='ocrx_word' id='word_1_149' title='bbox 919 1395 1116 1439; x_wconf 82' lang='lat' dir='ltr'><strong>fueraut.</strong></span> <span class='ocrx_word' id='word_1_150' title='bbox 1187 1397 1280 1439; x_wconf 76' lang='lat' dir='ltr'><strong>Iis·—</strong></span> 
     </span>
     <span class='ocr_line' id='line_1_24' title="bbox 91 1445 1279 1509; baseline 0.005 -20"><span class='ocrx_word' id='word_1_151' title='bbox 91 1445 203 1509; x_wconf 63' lang='grc' dir='ltr'><strong>ἆραι</strong></span> <span class='ocrx_word' id='word_1_152' title='bbox 226 1449 450 1493; x_wconf 81' lang='lat' dir='ltr'><strong>militibus</strong></span> <span class='ocrx_word' id='word_1_153' title='bbox 481 1451 685 1506; x_wconf 88' lang='lat' dir='ltr'>legiones</span> <span class='ocrx_word' id='word_1_154' title='bbox 713 1450 854 1493; x_wconf 85' lang='lat' dir='ltr'><strong>libras</strong></span> <span class='ocrx_word' id='word_1_155' title='bbox 878 1448 1016 1493; x_wconf 81' lang='lat' dir='ltr'><strong>farris</strong></span> <span class='ocrx_word' id='word_1_156' title='bbox 1050 1457 1095 1493; x_wconf 86' lang='lat' dir='ltr'><strong>et</strong></span> <span class='ocrx_word' id='word_1_157' title='bbox 1126 1451 1279 1495; x_wconf 77' lang='lat' dir='ltr'><strong>sexta-</strong></span> 
     </span>
     <span class='ocr_line' id='line_1_25' title="bbox 78 1503 1284 1561; baseline 0.002 -13"><span class='ocrx_word' id='word_1_158' title='bbox 78 1514 189 1548; x_wconf 76' lang='lat' dir='ltr'><strong>,nos</strong></span> <span class='ocrx_word' id='word_1_159' title='bbox 221 1503 323 1550; x_wconf 84' lang='lat' dir='ltr'><strong>vini</strong></span> <span class='ocrx_word' id='word_1_160' title='bbox 357 1505 671 1549; x_wconf 79' lang='lat' dir='ltr'><strong>coutulerunt:</strong></span> <span class='ocrx_word' id='word_1_161' title='bbox 728 1505 974 1561; x_wconf 86' lang='lat' dir='ltr'><strong>omniaque</strong></span> <span class='ocrx_word' id='word_1_162' title='bbox 1014 1518 1068 1546; x_wconf 85' lang='lat' dir='ltr'><strong>ea</strong></span> <span class='ocrx_word' id='word_1_163' title='bbox 1101 1505 1284 1560; x_wconf 79' lang='lat' dir='ltr'><strong>ingenti</strong></span> 
     </span>
     <span class='ocr_line' id='line_1_26' title="bbox 76 1555 1281 1616; baseline 0.002 -14"><span class='ocrx_word' id='word_1_164' title='bbox 76 1555 326 1602; x_wconf 62' lang='lat' dir='ltr'><strong>alacritate</strong></span> <span class='ocrx_word' id='word_1_165' title='bbox 355 1573 442 1616; x_wconf 80' lang='lat' dir='ltr'><strong>per</strong></span> <span class='ocrx_word' id='word_1_166' title='bbox 474 1560 726 1604; x_wconf 83' lang='lat' dir='ltr'><strong>clamorem</strong></span> <span class='ocrx_word' id='word_1_167' title='bbox 755 1559 1033 1612; x_wconf 79' lang='lat' dir='ltr'><strong>militarem,</strong></span> <span class='ocrx_word' id='word_1_168' title='bbox 1075 1559 1281 1606; x_wconf 80' lang='lat' dir='ltr'><strong>indicem</strong></span> 
     </span>
     <span class='ocr_line' id='line_1_27' title="bbox 80 1612 1284 1673; baseline 0.003 -18"><span class='ocrx_word' id='word_1_169' title='bbox 80 1612 307 1656; x_wconf 73' lang='lat' dir='ltr'><strong>..omnium</strong></span> <span class='ocrx_word' id='word_1_170' title='bbox 327 1615 557 1669; x_wconf 81' lang='lat' dir='ltr'><strong>adsensus,</strong></span> <span class='ocrx_word' id='word_1_171' title='bbox 586 1614 877 1671; x_wconf 85' lang='lat' dir='ltr'><strong>gerebantur.</strong></span> <span class='ocrx_word' id='word_1_172' title='bbox 934 1613 1097 1657; x_wconf 81' lang='lat' dir='ltr'><strong>Tertia</strong></span> <span class='ocrx_word' id='word_1_173' title='bbox 1123 1629 1284 1673; x_wconf 79' lang='lat' dir='ltr'><strong>pugna</strong></span> 
     </span>
     <span class='ocr_line' id='line_1_28' title="bbox 93 1665 1283 1725; baseline 0.003 -16"><span class='ocrx_word' id='word_1_174' title='bbox 93 1665 156 1709; x_wconf 75' lang='lat' dir='ltr'><strong>ad</strong></span> <span class='ocrx_word' id='word_1_175' title='bbox 186 1667 437 1712; x_wconf 80' lang='lat' dir='ltr'><strong>Sueffulam</strong></span> <span class='ocrx_word' id='word_1_176' title='bbox 463 1669 697 1713; x_wconf 79' lang='lat' dir='ltr'><strong>commissa</strong></span> <span class='ocrx_word' id='word_1_177' title='bbox 725 1669 811 1722; x_wconf 86' lang='lat' dir='ltr'><strong>est3</strong></span> <span class='ocrx_word' id='word_1_178' title='bbox 841 1682 931 1725; x_wconf 87' lang='lat' dir='ltr'><strong>qua</strong></span> <span class='ocrx_word' id='word_1_179' title='bbox 948 1668 1130 1724; x_wconf 75' lang='lat' dir='ltr'><strong>fugatus</strong></span> <span class='ocrx_word' id='word_1_180' title='bbox 1160 1685 1188 1712; x_wconf 80' lang='lat' dir='ltr'><strong>a</strong></span> <span class='ocrx_word' id='word_1_181' title='bbox 1210 1671 1283 1717; x_wconf 90' lang='lat' dir='ltr'><strong>M.</strong></span> 
     </span>
     <span class='ocr_line' id='line_1_29' title="bbox 94 1718 1282 1782; baseline 0.003 -18"><span class='ocrx_word' id='word_1_182' title='bbox 94 1718 286 1764; x_wconf 86' lang='lat' dir='ltr'><strong>Valerio</strong></span> <span class='ocrx_word' id='word_1_183' title='bbox 307 1724 581 1770; x_wconf 74' lang='lat' dir='ltr'><strong>Samnitium</strong></span> <span class='ocrx_word' id='word_1_184' title='bbox 600 1724 844 1778; x_wconf 82' lang='lat' dir='ltr'><strong>exercitus,</strong></span> <span class='ocrx_word' id='word_1_185' title='bbox 874 1723 1004 1766; x_wconf 87' lang='lat' dir='ltr'><strong>omni</strong></span> <span class='ocrx_word' id='word_1_186' title='bbox 1021 1723 1185 1767; x_wconf 85' lang='lat' dir='ltr'>robore</span> <span class='ocrx_word' id='word_1_187' title='bbox 1201 1731 1282 1782; x_wconf 89' lang='lat' dir='ltr'><strong>ju·-</strong></span> 
     </span>
     <span class='ocr_line' id='line_1_30' title="bbox 96 1775 1283 1833; baseline 0.005 -15"><span class='ocrx_word' id='word_1_188' title='bbox 96 1775 300 1821; x_wconf 79' lang='lat' dir='ltr'><strong>ventutis</strong></span> <span class='ocrx_word' id='word_1_189' title='bbox 323 1777 460 1822; x_wconf 88' lang='lat' dir='ltr'>domo</span> <span class='ocrx_word' id='word_1_190' title='bbox 481 1778 645 1833; x_wconf 84' lang='lat' dir='ltr'><strong>adcito,</strong></span> <span class='ocrx_word' id='word_1_191' title='bbox 674 1778 924 1821; x_wconf 82' lang='lat' dir='ltr'><strong>certamine</strong></span> <span class='ocrx_word' id='word_1_192' title='bbox 944 1777 1109 1821; x_wconf 85' lang='lat' dir='ltr'><strong>ultimo</strong></span> <span class='ocrx_word' id='word_1_193' title='bbox 1127 1777 1283 1824; x_wconf 79' lang='lat' dir='ltr'><strong>fortu-</strong></span> 
     </span>
     <span class='ocr_line' id='line_1_31' title="bbox 97 1832 1284 1890; baseline 0.005 -18"><span class='ocrx_word' id='word_1_194' title='bbox 97 1843 210 1872; x_wconf 85' lang='lat' dir='ltr'><strong>nam</strong></span> <span class='ocrx_word' id='word_1_195' title='bbox 232 1833 439 1890; x_wconf 75' lang='lat' dir='ltr'><strong>experiri</strong></span> <span class='ocrx_word' id='word_1_196' title='bbox 463 1833 622 1877; x_wconf 81' lang='lat' dir='ltr'><strong>statuit.</strong></span> <span class='ocrx_word' id='word_1_197' title='bbox 680 1833 756 1878; x_wconf 89' lang='lat' dir='ltr'><strong>Ab</strong></span> <span class='ocrx_word' id='word_1_198' title='bbox 780 1832 984 1876; x_wconf 80' lang='lat' dir='ltr'><strong>Sueffula</strong></span> <span class='ocrx_word' id='word_1_199' title='bbox 1005 1834 1157 1877; x_wconf 84' lang='lat' dir='ltr'><strong>nuntii</strong></span> <span class='ocrx_word' id='word_1_200' title='bbox 1184 1841 1284 1878; x_wconf 82' lang='lat' dir='ltr'><strong>tre-</strong></span> 
     </span>
     <span class='ocr_line' id='line_1_32' title="bbox 96 1883 1281 1946; baseline 0.004 -18"><span class='ocrx_word' id='word_1_201' title='bbox 96 1883 201 1942; x_wconf 79' lang='lat' dir='ltr'><strong>pidi</strong></span> <span class='ocrx_word' id='word_1_202' title='bbox 220 1885 450 1944; x_wconf 87' lang='lat' dir='ltr'><strong>Capuam,</strong></span> <span class='ocrx_word' id='word_1_203' title='bbox 490 1888 599 1934; x_wconf 85' lang='lat' dir='ltr'><strong>inde</strong></span> <span class='ocrx_word' id='word_1_204' title='bbox 617 1889 787 1946; x_wconf 80' lang='lat' dir='ltr'><strong>equites</strong></span> <span class='ocrx_word' id='word_1_205' title='bbox 809 1888 932 1930; x_wconf 79' lang='lat' dir='ltr'><strong>citati</strong></span> <span class='ocrx_word' id='word_1_206' title='bbox 960 1886 1017 1933; x_wconf 81' lang='lat' dir='ltr'><strong>ad</strong></span> <span class='ocrx_word' id='word_1_207' title='bbox 1036 1888 1281 1933; x_wconf 84' lang='lat' dir='ltr'><strong>Valerium</strong></span> 
     </span>
     <span class='ocr_line' id='line_1_33' title="bbox 99 1939 1286 2000; baseline 0.007 -21"><span class='ocrx_word' id='word_1_208' title='bbox 99 1939 351 1995; x_wconf 81' lang='lat' dir='ltr'><strong>consulem,</strong></span> <span class='ocrx_word' id='word_1_209' title='bbox 380 1957 515 2000; x_wconf 84' lang='lat' dir='ltr'>opem</span> <span class='ocrx_word' id='word_1_210' title='bbox 539 1951 738 1997; x_wconf 85' lang='lat' dir='ltr'><strong>oratum,</strong></span> <span class='ocrx_word' id='word_1_211' title='bbox 768 1943 975 1985; x_wconf 76' lang='lat' dir='ltr'><strong>veniunt.</strong></span> <span class='ocrx_word' id='word_1_212' title='bbox 1032 1943 1286 1993; x_wconf 82' lang='lat' dir='ltr'><strong>Confestim</strong></span> 
     </span>
     <span class='ocr_line' id='line_1_34' title="bbox 97 1993 1283 2055; baseline 0.007 -21"><span class='ocrx_word' id='word_1_213' title='bbox 97 1993 224 2048; x_wconf 81' lang='lat' dir='ltr'><strong>figna</strong></span> <span class='ocrx_word' id='word_1_214' title='bbox 251 2005 405 2049; x_wconf 78' lang='lat' dir='ltr'><strong>mutn3</strong></span> <span class='ocrx_word' id='word_1_215' title='bbox 453 1997 718 2055; x_wconf 80' lang='lat' dir='ltr'><strong>relictisque</strong></span> <span class='ocrx_word' id='word_1_216' title='bbox 746 1997 1074 2055; x_wconf 84' lang='lat' dir='ltr'><strong>inpedimentis</strong></span> <span class='ocrx_word' id='word_1_217' title='bbox 1112 1999 1283 2042; x_wconf 79' lang='lat' dir='ltr'><strong>castro-</strong></span> 
     </span>
     <span class='ocr_line' id='line_1_35' title="bbox 99 2051 1284 2110; baseline 0.004 -20"><span class='ocrx_word' id='word_1_218' title='bbox 99 2061 208 2092; x_wconf 79' lang='lat' dir='ltr'><strong>rum</strong></span> <span class='ocrx_word' id='word_1_219' title='bbox 242 2051 396 2093; x_wconf 74' lang='lat' dir='ltr'><strong>valido</strong></span> <span class='ocrx_word' id='word_1_220' title='bbox 420 2053 662 2109; x_wconf 83' lang='lat' dir='ltr'><strong>praefidio,</strong></span> <span class='ocrx_word' id='word_1_221' title='bbox 709 2055 880 2110; x_wconf 84' lang='lat' dir='ltr'><strong>raptim</strong></span> <span class='ocrx_word' id='word_1_222' title='bbox 907 2053 1057 2109; x_wconf 83' lang='lat' dir='ltr'><strong>agitur</strong></span> <span class='ocrx_word' id='word_1_223' title='bbox 1091 2067 1284 2108; x_wconf 65' lang='lat' dir='ltr'><strong>agmenz</strong></span> 
     </span>
     <span class='ocr_line' id='line_1_36' title="bbox 100 2106 1283 2165; baseline 0.005 -18"><span class='ocrx_word' id='word_1_224' title='bbox 100 2117 186 2147; x_wconf 73' lang='lat' dir='ltr'><strong>uec</strong></span> <span class='ocrx_word' id='word_1_225' title='bbox 202 2106 365 2163; x_wconf 82' lang='lat' dir='ltr'><strong>procul</strong></span> <span class='ocrx_word' id='word_1_226' title='bbox 383 2106 438 2150; x_wconf 89' lang='lat' dir='ltr'><strong>ab</strong></span> <span class='ocrx_word' id='word_1_227' title='bbox 452 2106 576 2150; x_wconf 84' lang='lat' dir='ltr'><strong>hoste</strong></span> <span class='ocrx_word' id='word_1_228' title='bbox 594 2108 750 2151; x_wconf 85' lang='lat' dir='ltr'><strong>locum</strong></span> <span class='ocrx_word' id='word_1_229' title='bbox 771 2107 1080 2165; x_wconf 86' lang='lat' dir='ltr'><strong>perexiguum</strong></span> <span class='ocrx_word' id='word_1_230' title='bbox 1094 2106 1164 2162; x_wconf 90' lang='lat' dir='ltr'><strong>(ut</strong></span> <span class='ocrx_word' id='word_1_231' title='bbox 1176 2108 1283 2165; x_wconf 78' lang='lat' dir='ltr'><strong>qui·-</strong></span> 
     </span>
     <span class='ocr_line' id='line_1_37' title="bbox 87 2156 1286 2219; baseline 0.005 -17"><span class='ocrx_word' id='word_1_232' title='bbox 87 2156 210 2209; x_wconf 80' lang='lat' dir='ltr'><strong>-bUs‚</strong></span> <span class='ocrx_word' id='word_1_233' title='bbox 248 2169 434 2217; x_wconf 84' lang='lat' dir='ltr'><strong>praeter</strong></span> <span class='ocrx_word' id='word_1_234' title='bbox 464 2178 487 2204; x_wconf 85' lang='lat' dir='ltr'><strong>e</strong></span> <span class='ocrx_word' id='word_1_235' title='bbox 522 2179 628 2217; x_wconf 87' lang='lat' dir='ltr'><strong>uos,</strong></span> <span class='ocrx_word' id='word_1_236' title='bbox 683 2170 942 2205; x_wconf 76' lang='lat' dir='ltr'><strong>ceterorum</strong></span> <span class='ocrx_word' id='word_1_237' title='bbox 968 2163 1286 2219; x_wconf 79' lang='lat' dir='ltr'><strong>jumentorum</strong></span> 
     </span>
     <span class='ocr_line' id='line_1_38' title="bbox 101 2211 1288 2324; baseline -0.003 -66"><span class='ocrx_word' id='word_1_238' title='bbox 101 2211 407 2275; x_wconf 74' lang='lat' dir='ltr'><strong>calonumque</strong></span> <span class='ocrx_word' id='word_1_239' title='bbox 439 2223 512 2265; x_wconf 78' lang='lat' dir='ltr'><strong>tur</strong></span> <span class='ocrx_word' id='word_1_240' title='bbox 546 2232 571 2263; x_wconf 77' lang='lat' dir='ltr'><strong>a</strong></span> <span class='ocrx_word' id='word_1_241' title='bbox 605 2217 800 2324; x_wconf 45' lang='lat' dir='ltr'><strong>abegit}</strong></span> <span class='ocrx_word' id='word_1_242' title='bbox 817 2217 967 2265; x_wconf 73' lang='lat' dir='ltr'><strong>castris</strong></span> <span class='ocrx_word' id='word_1_243' title='bbox 995 2218 1130 2277; x_wconf 76' lang='lat' dir='ltr'><strong>cepit.</strong></span> <span class='ocrx_word' id='word_1_244' title='bbox 1202 2218 1288 2282; x_wconf 69' lang='lat'><strong>3²}-</strong></span> 
     </span>
    </p>

    <p class='ocr_par' dir='ltr' id='par_1_4' title="bbox 1156 2288 1284 2320">
     <span class='ocr_line' id='line_1_39' title="bbox 1156 2288 1284 2320; baseline 0 0"><span class='ocrx_word' id='word_1_245' title='bbox 1156 2288 1284 2320; x_wconf 61' lang='lat' dir='ltr'><strong>mni-v</strong></span> 
     </span>
    </p>
   </div>
  </div>
 </body>
</html>
