1436 2462
327 67 472 140 ‘vnit
495 101 572 138 Εἰ·
596 97 882 138 ms'romA
908 92 1048 139 nom
1136 99 1266 145 2:1113

87 229 295 277 quorum
326 230 522 262 omnem
557 230 713 276 paene
745 215 1034 260 memoriam
1057 211 1265 274 Polybio

84 284 320 343 debebat3
370 286 423 330 in
457 285 542 331 illa
580 300 697 332 vero
739 285 1038 343 recentiora,
1058 339 1065 345 ,
1089 283 1267 344 quibus

83 355 317 415 proprior
343 360 448 400 erat
475 361 559 399 aut
593 354 714 400 adeo
745 354 988 415 aequalis,
1026 368 1270 415 quorum-

83 437 178 484 que
215 426 295 468 re's
336 423 682 471 memorabiles
719 431 769 468 et
805 439 866 469 ex
902 422 1268 484 limpidioribus
1316 456 1322 459 -

83 490 272 537 hauriri
298 498 530 552 poterant
561 492 803 551 fontibus,
853 499 900 538 et
932 494 1130 554 ingenio
1161 491 1269 551 einp

83 560 240 607 multo
288 560 562 622 digniorem
605 561 984 624 uberioremque
1030 559 1270 622 subminiss·

75 628 298 675 'strabant
342 632 650 689 materiam,>
682 639 731 676 et
773 647 802 681 a
840 631 977 676 nullo
1016 625 1271 691 scriptore,

84 697 244 743 adhuc
272 697 548 760 superstite,
585 699 817 750 adcurate
840 707 890 746 et
918 699 1150 749 continuo
1180 695 1270 757 oral-

80 766 196 812 dine
238 766 348 813 sunt
382 764 642 828 expositae.
732 768 854 817 Inde
894 768 1043 814 etiam
1093 763 1271 829 primii

79 835 127 882 X
149 835 289 880 libris
316 837 700 898 quadringentos
739 843 786 884 et
815 836 1063 898 sexaginta
1095 830 1271 894 annos,

77 903 280 964 reliquis
306 903 448 950 XXV
475 920 577 949 non
601 903 691 949 nisi
715 902 1068 965 quinquaginta
1100 904 1273 967 perse-

79 978 260 1033 quutus
297 968 389 1029 est,
429 960 490 1017 ”et
521 973 573 1017 in
607 971 706 1016 illis
738 987 840 1019 non
879 987 993 1017 raro
1026 972 1272 1034 inproba-

75 1040 198 1087 bilia
226 1036 472 1087 inmiscuit
503 1048 553 1085 et
581 1038 817 1098 fabulosa,
853 1041 906 1087 in
927 1040 1021 1097 his,
1058 1041 1270 1102 Polybio

79 1108 234 1167 duce,
290 1115 339 1154 et
370 1109 582 1157 certiora
622 1107 855 1168 tradidit,
914 1116 964 1158 et
999 1109 1270 1169 historiam,

80 1192 207 1240 quae
237 1177 383 1238 vulgo
418 1179 725 1243 pragmatica
763 1186 993 1238 vocatur,
1059 1175 1273 1230 scribere

79 1244 327 1307 adgressus
362 1244 460 1305 est,
490 1240 587 1305 'et',
635 1244 778 1311 quod'v
801 1248 975 1293 Cicero
1008 1248 1069 1294 de
1097 1248 1270 1294 Coelio

80 1314 231 1372 dixit,
276 1315 425 1376 paulo
461 1315 649 1363 inflavit
686 1316 1052 1377 vehementius3
1106 1317 1178 1362 ita
1217 1322 1273 1369 ut

78 1382 133 1430 hi
172 1382 319 1444 plan'e
362 1380 612 1434 diffimiles
653 1382 748 1431 fint
790 1385 915 1443 illis,
970 1393 1047 1444 et,
1099 1386 1272 1432 labore

77 1453 273 1513 long-ius
292 1453 611 1512 procedente,
640 1449 853 1503 studium
876 1456 981 1500 eius
1002 1468 1101 1499 non
1128 1455 1271 1500 elan-

78 1518 255 1583 guisse,
290 1520 373 1567 sed
399 1520 539 1568 fimul
574 1538 685 1571 cum
716 1524 923 1572 materia
954 1520 1154 1570 crevisse
1189 1524 1271 1571 vi-

81 1590 270 1636 deatur.
359 1589 528 1655 Quare
560 1606 661 1636 non
703 1590 771 1642 est
802 1591 934 1654 quod
970 1592 1270 1652 dubitemus,

82 1660 201 1719 quin
236 1659 442 1705 virtutes
491 1660 596 1706 eius
645 1662 858 1710 maxime
906 1661 1173 1708 enituerint
1217 1661 1272 1708 in

77 1725 278 1774 XCVII.
309 1726 450 1773 libris
497 1727 908 1779 XLVI-CXLII.
959 1730 1043 1792 qui
1089 1729 1271 1776 iniuria

49 1795 282 1858 ‘maligni
314 1794 404 1842 fati
440 1795 586 1841 nobis
618 1798 774 1858 erepti
806 1795 943 1855 sunt,
996 1798 1272 1861 quibusque

79 1878 178 1921 res,
216 1865 359 1909 annis
387 1870 580 1909 tantum
606 1864 813 1917 CLVIII
836 1864 1019 1930 gestas,
1058 1868 1118 1914 ab
1144 1884 1185 1915 a.
1211 1867 1269 1917 V.

80 1949 122 1985 c.
153 1932 427 1994 586-744:
458 1933 743 1999 complexus
779 1934 861 1987 est'.
1267 1969 1274 1976 -

189 2158 370 2216 poriBus
397 2159 485 2205 illis
501 2157 703 2228 scriptor*
729 2162 900 2229 exstat,
930 2179 1014 2222 quo
1032 2162 1158 2236 satis
1183 2181 1269 2215 cer·

191 2223 240 2264 to
269 2224 448 2264 auctore
458 2218 652 2287 stetur.)

668 2280 756 2339 95.
