1436 2462
248 106 310 155 Α..
330 107 382 144 v.
402 108 446 142 c.
461 93 558 149 450.
580 92 677 140 442.
732 103 782 139 A.
803 102 848 138 c.
867 90 964 140 514.
982 89 1078 138 515.
1177 94 1274 146 633²

80 224 216 270 aiam
229 254 243 278 ,
270 221 483 266 hortator
499 218 722 274 adfixerat,
749 224 933 261 avectus
952 214 1006 259 ab
1027 214 1115 257 suis
1139 228 1263 259 non-

79 275 189 324 dum
221 275 560 322 conterentibus
597 284 762 318 manus
791 272 848 314 ad
872 273 1153 321 clamorem,
1205 269 1262 312 ab

75 332 248 376 sinistra
283 339 416 391 parte
450 332 582 397 prius
616 335 847 371 exortum.
927 325 1086 371 Vnde,
1134 323 1264 367 haud

74 385 262 431 dubiam
301 387 542 430 victonam
581 397 796 434 cernens,
846 395 991 438 quum
1032 378 1089 422 ad
1127 378 1264 436 suum

73 456 220 484 cornu
242 438 452 484 tenderet
477 447 582 481 cum
605 437 736 480 mille
765 435 969 479 ducentis
991 436 1104 478 viris
1118 465 1131 486 ,
1163 433 1265 476 dis-

73 496 269 539 similem
293 494 358 538 ibi
386 493 623 537 fortunam
652 491 856 534 invenit:
895 490 1131 532 Romanos
1152 489 1260 532 loco

107 550 249 602 ulsos,
278 549 502 595 victorem
524 547 695 590 hostem
717 549 839 601 signa
858 545 908 587 in
927 543 1158 601 perculsos
1181 543 1262 585 in·-

93 605 316 648 erentem.
390 603 609 646 ceterum
647 599 804 643 omnia
833 599 1031 642 mutavit
1066 605 1262 656 repente

71 659 271 702 consulis
303 657 542 701 adventus.
621 654 744 699 Nam
777 662 822 696 et
852 655 1093 710 conspectu
1128 651 1261 694 ducis

74 710 272 757 refectus
304 711 507 756 militum
531 710 590 753 est
616 713 822 752 animus:
853 716 923 760 et,
953 706 1100 760 majus
1121 720 1266 762 quam

74 781 165 825 pro
183 781 379 811 numero
400 765 644 817 auxilium,
672 763 956 806 advenerant
977 759 1119 804 fortes
1141 761 1234 804 viri
1248 777 1262 802 ε

72 831 119 865 et
152 822 299 879 partis
334 820 522 863 alterius
553 818 750 862 victoria
784 817 962 870 audita,
1018 829 1134 858 mox
1161 814 1264 858 visa

71 875 235 929 etiam,
271 874 505 934 proelium
534 873 740 916 restituit.
814 873 936 916 Tota
969 869 1134 912 deinde
1164 870 1263 923 jam

70 931 261 973 vincere
291 929 388 972 acie
416 927 680 980 Romanus,
709 933 774 979 et,
804 926 963 969 omiss'o
989 925 1262 973 certamine,

70 983 197 1027 caedi
219 999 270 1027 ca
305 985 410 1040 ique
433 982 687 1032 Samnites3
717 982 799 1023 nist
824 980 905 1037 qui
923 979 1264 1031 Maleventum,

71 1039 146 1081 cui
172 1052 270 1082 nun
322 1035 429 1080 urbi
449 1037 763 1079 Beneventum
789 1048 964 1077 nomen
984 1032 1064 1086 est,
1092 1033 1264 1090 persu-

99 1101 248 1135 erunt.
330 1089 410 1135 Ad
443 1091 501 1133 tri
536 1093 630 1131 inta
670 1089 819 1132 millia
850 1089 975 1131 caesa
1013 1095 1091 1129 aut
1125 1095 1263 1145 capta

104 1143 372 1197 munitium,
410 1159 497 1204 pro
534 1147 650 1186 itum
667 1143 922 1186 memoriae
943 1141 1017 1184 est.
1065 1164 1072 1170 -

180 1197 412 1246 XXVIII.
442 1197 687 1252 Consules,
719 1197 902 1253 egregia
933 1195 1126 1239 victoria
1142 1209 1263 1253 past·-

68 1263 142 1308 ta,
170 1255 384 1314 protinus
413 1252 518 1296 inde
537 1250 592 1295 ad
610 1253 871 1295 Bovianum
896 1250 1262 1308 obpugnandum

69 1310 275 1367 legiones
303 1309 497 1351 ducunt=
526 1306 679 1362 ibique
701 1306 897 1349 hiberna
925 1314 1142 1368 egerunt,
1169 1305 1262 1349 do·-

69 1379 157 1409 nec
186 1361 242 1406 ab
274 1361 408 1406 novis
442 1360 703 1404 consulibus
736 1361 794 1402 L.
834 1361 1022 1417 Papirio
1056 1358 1262 1403 Cursore
1324 1404 1338 1413 χ

73 1419 286 1481 quintum
301 1446 315 1471 ,
345 1417 396 1460 C.
419 1414 557 1460 Junio
580 1412 785 1458 Bubulco
808 1414 974 1456 iterum
990 1443 1002 1462 ,
1043 1414 1265 1456 nomina·-

70 1480 143 1517 tus
170 1471 362 1515 dictator
397 1471 448 1514 C.
478 1470 708 1513 Poetelius
741 1482 846 1510 cum
874 1468 943 1511 M.
966 1467 1004 1511 F
1009 1468 1124 1510 oslio
1153 1481 1262 1510 ma·—

71 1526 208 1584 gistro
240 1526 446 1584 equitum
473 1524 728 1567 exercitum
751 1522 945 1580 adcepit.
1011 1523 1079 1575 Is,
1117 1536 1263 1578 quum

72 1579 260 1624 audiflet
298 1594 453 1623 arcem
496 1576 821 1634 Fregellanam
871 1577 926 1619 ab
975 1577 1260 1620 Samnitibus

73 1643 280 1693 captam,
319 1635 479 1678 omiffo
501 1632 710 1676 Boviano
736 1630 794 1674 ad
825 1631 1061 1687 Fregellas
1089 1630 1260 1688 pergit.

72 1689 231 1742 Vnde,
261 1698 485 1732 nocturna
502 1688 779 1730 Samnitium
799 1683 908 1742 fuga
932 1688 1021 1727 fine
1039 1685 1261 1727 certami-

74 1755 136 1787 ne
166 1745 362 1802 receptis
394 1742 617 1798 Fregellis
649 1742 963 1798 praesidioque
995 1739 1149 1781 valido
1180 1739 1261 1781 in-

70 1800 243 1899 RofitQ
300 1800 349 1841 in
381 1798 683 1855 Campaniam
723 1795 922 1837 reditum
957 1793 1162 1836 maxime
1197 1793 1259 1838 ad

104 1853 247 1896 *olam
271 1851 411 1895 armis
438 1850 751 1909 repetendam.
807 1850 876 1892 Eo
903 1851 948 1891 se
975 1849 1098 1891 intra
1124 1861 1259 1891 moe-

73 1908 180 1960 nia,
223 1906 301 1950 sub
333 1907 583 1949 adventum
616 1904 874 1956 dictatoris,
914 1911 958 1946 et
981 1903 1259 1946 Samnitium

74 1959 226 2006 omnis
263 1959 510 2004 multitudo
545 1966 590 2002 et
620 1958 794 2002 Nolani
825 1958 1015 2014 agrestes
1044 1958 1258 2000 contule·-

71 2024 192 2062 rant.
257 2016 490 2068 Dictator,
522 2015 647 2057 urbis
675 2016 757 2056 fitu
781 2014 1134 2070 circumspectO,
1165 2026 1257 2067 quo

74 2071 278 2131 apertior
307 2070 454 2112 aditus
483 2069 541 2111 ad
565 2071 750 2111 moenia
774 2069 906 2121 esset,
948 2069 1104 2109 omnia
1129 2066 1259 2108 aedi-

70 2126 176 2173 ficia
200 2125 263 2183 (et
280 2121 545 2182 frequenter
565 2123 629 2165 ibi
642 2122 944 2180 habitabatur)
967 2121 1261 2175 circumjecta

70 2180 216 2224 muris
248 2178 464 2222 incendit.
546 2179 646 2222 Nec
680 2175 740 2218 ita
771 2175 918 2220 multo
946 2177 1066 2238 post,
1116 2176 1206 2216 five
1231 2189 1260 2217 a

73 2235 280 2280 Poetelio
311 2233 555 2290 dictatore,
603 2234 695 2277 five
723 2230 778 2276 ab
807 2232 859 2276 C.
888 2233 1024 2275 Jumo
1049 2230 1259 2339 congule,

1151 2297 1257 2328 nam
