1436 2462
182 121 276 174 ⁴746
371 127 545 164 mvn
574 128 760 163 mmm
788 130 838 163 x.
893 127 1021 164 c-Avn.
1048 118 1205 165 41.42.

195 244 328 295 sueti,
358 241 406 284 ni
429 241 657 299 potentior
678 242 791 284 alius
813 247 962 285 metus
985 241 1177 286 infla-eun
1202 243 1363 300 pecw-

194 298 320 342 ribus
347 310 373 337 a
401 295 506 351 suga
533 296 761 339 retineret.
820 296 1004 354 Quippe
1027 297 1077 338 in
1098 297 1239 346 oculi&
1263 305 1362 340 erat

197 351 346 394 omnis
369 349 448 392 ille
475 350 642 392 obculti
661 359 842 406 paratus
863 351 1000 404 sacri,
1039 357 1085 393 et
1109 351 1277 396 artuati-
1292 353 1363 392 sa-

196 405 400 448 cerdotes
414 435 426 456 ,
443 410 499 445 ‘et
518 406 773 460 promiscua
791 404 1032 447 hominum
1051 403 1362 462 pecudumque

177 483 179 486 ·
197 461 360 515 strages
373 490 385 510 ‚
399 474 401 479 ·
415 465 457 499 et
475 458 699 514 respersae
720 458 856 500 fando
875 457 1162 512 nefandoque
1186 458 1364 514 saunei-

195 529 256 555 ne
276 527 404 564 arae,
434 519 478 553 et
498 512 597 553 dira
619 512 880 565 exsecratio,
910 526 961 553 ac
979 511 1144 554 furiale
1163 522 1363 564 cai-mm,

198 565 477 610 detestandae
497 565 697 607 familiae
710 565 921 623 stirpique
940 565 1256 622 compositum:
1277 564 1365 606 ffls
1428 605 1430 608 .

197 621 394 665 vinculis
424 621 558 674 fugae
589 619 784 661 obstricti
811 620 1000 670 stabant,
1039 619 1187 661 civem
1205 622 1367 673 magis,

196 690 333 733 quam
356 674 549 726 hostem,
591 673 814 716 timentes.
881 674 1049 715 Instare
1077 672 1312 717 Romanus
1336 687 1369 713 a

197 744 343 772 cornu
366 736 556 783 utroque
569 760 580 779 ‚
612 742 638 768 a
652 727 803 768 media
821 729 916 768 acie
929 758 940 778 ‚
970 735 1015 770 et
1033 726 1217 768 caedere
1238 727 1367 772 Deo-

195 792 303 827 rum
324 781 656 837 hominumque
681 780 903 824 adtonitos
924 789 1063 823 metu.
1119 780 1369 836 Repugna-

195 847 272 881 tur
298 836 513 891 segniter,
540 843 592 876 ut
614 835 667 877 ab
693 835 776 888 iis,
814 849 925 900 quos
951 836 1090 878 timor
1108 838 1369 877 moraretur

195 908 222 935 a
243 890 365 946 fuga.
390 908 398 915 ‘¹
434 890 539 931 Jam
556 903 710 946 prope
732 889 789 930 ad
819 892 940 944 tigna
965 888 1120 930 caedes
1141 901 1369 948 pervene-

193 954 289 998 rat,
331 958 472 1000 quum
497 958 555 984 ex
578 943 834 985 transverso
854 943 1029 1000 pulvi3‚
1059 942 1185 984 velut
1202 941 1250 983 in
1284 943 1368 984 en·-

192 1001 250 1042 tis
270 998 463 1054 agminis
488 997 653 1038 inceffu
674 1005 838 1049 motus,
868 997 920 1038 ad
959 996 1098 1037 aruit.v
1147 997 1224 1052 Sp.
1283 1010 1367 1037 aa·-

193 1055 284 1096 tius
318 1052 581 1103 (Octavium
610 1051 803 1093 Metium
831 1011 1013 1106 quitiam
1036 1065 1140 1092 eum
1163 1047 1366 1107 tradunt)

198 1107 294 1150 dux
320 1106 516 1148 alaribus
541 1105 800 1147 cohortibus
829 1113 939 1147 erat:
994 1104 1240 1145 Pulverem
1264 1117 1368 1144 ma.-

195 1163 368 1218 jorem,
409 1174 545 1215 quam
569 1174 653 1214 pro
679 1173 872 1200 numero
889 1189 901 1209 ‚
935 1157 1220 1198 excitabant:
1258 1157 1386 1197 infi··'

194 1215 348 1257 dentes
369 1214 507 1255 mulis
529 1214 708 1253 catones
732 1212 968 1253 frondosos
995 1223 1145 1250 ramos
1160 1217 1364 1265 -per'ter-

194 1283 295 1311 ram
324 1267 589 1308 trahebant:
629 1267 991 1319 arma'fign‘aque
1024 1262 1363 1317 perdturhidam

195 1323 346 1365 lucem
377 1321 425 1360 in
451 1317 604 1374 primo
633 1317 930 1372 adparebantz
969 1315 1066 1370 post
1088 1315 1230 1357 altio'r.
1251 1315 1365 1358 den-

194 1378 370 1430 fiorque
414 1371 566 1429 pulvis
613 1374 815 1424 equitum
865 1370 1058 1427 speciem
1107 1370 1366 1422 cogentium

196 1443 360 1484 agmen
389 1426 533 1467 dabat.
589 1424 862 1479 Fefellitque
892 1438 986 1465 non
1010 1423 1241 1465 Samnites
1259 1438 1365 1465 mo-

198 1484 283 1536 do,
317 1481 389 1523 sed
413 1480 548 1521 etiam
568 1479 824 1521 Romanos:
865 1486 909 1520 et
933 1477 1082 1518 consul
1110 1476 1369 1521 adfirmavit

200 1550 431 1587 errorem,
472 1533 707 1575 clamitans
735 1535 856 1573 inter
882 1531 1035 1589 prima
1061 1532 1203 1586 ligna,
1237 1531 1300 1572 ita
1316 1539 1365 1573 ut

197 1606 291 1633 vox
318 1589 452 1631 etiam
483 1587 537 1628 ad
563 1587 704 1628 hostes
733 1586 983 1630 adoideret.
1023 1593 1197 1637 captum
1224 1586 1364 1627 Comi-

173 1648 340 1691 -nium‚
376 1645 582 1683 victorem
613 1641 830 1693 conlegam
861 1637 1032 1699 adeffie;
1066 1639 1364 1680 adniterentur

197 1701 366 1740 vincere
397 1699 542 1749 prius,
597 1710 727 1750 quam
758 1696 901 1748 gloria
941 1694 1121 1734 alterius
1151 1697 1364 1734 exercitus

183 1752 332 1814 fieret.
379 1752 505 1794 Haec
522 1749 712 1792 inficiens
732 1764 860 1804 equo.
908 1748 1020 1789 Inde
1043 1747 1233 1789 tribunis
1254 1761 1363 1788 cen—

195 1805 537 1860 turionibusque
561 1805 755 1860 imperat
771 1835 781 1855 ‚
823 1810 870 1844 ut
891 1804 1012 1843 viam
1035 1801 1252 1856 equitibus
1273 1815 1363 1857 -pa-

196 1860 424 1905 tefaciant.
484 1859 584 1915 Ipse
606 1857 840 1900 Trebonio
861 1855 1158 1910 Caedicioque
1176 1854 1362 1911 praedi-

195 1922 351 1964 xerat,
391 1921 468 1963 ut,
511 1912 588 1954 ubi
614 1915 654 1954 se
677 1910 907 1968 cuspidem
937 1916 1130 1952 erectam
1154 1909 1362 1964 quatien-

191 1978 285 2011 tem
306 1968 526 2018 vidissent,
558 1973 724 2022 quanta
744 1964 947 2006 maxima
966 1964 1013 2004 vi
1030 1963 1216 2018 pulsent,
1229 1989 1232 1991 -
1247 1976 1359 2003 con-

193 2024 387 2065 citarent
406 2021 577 2075 equites
604 2021 654 2062 in
675 2019 858 2061 hostem.
914 2017 991 2061 Ad
1008 2023 1167 2062 nutum
1187 2016 1357 2067 omnia,

191 2087 243 2120 ut
263 2091 321 2118 ex
346 2083 448 2117 ante
470 2079 736 2131 praeparato
752 2105 763 2125 ‚
803 2072 931 2113 fiunt.
997 2070 1263 2113 Panduntur
1282 2069 1358 2112 iu-

193 2139 265 2173 ter
287 2129 468 2184 ordines
488 2128 609 2170 viae:
649 2127 860 2185 provolat
882 2140 1043 2181 eques,
1080 2133 1212 2179 atque
1238 2122 1359 2165 infe-

192 2185 265 2226 stis
284 2182 537 2240 cuspidibus
558 2182 607 2223 in
626 2181 829 2222 medium
852 2193 1013 2235 agmen
1031 2178 1222 2227 hostium
1240 2177 1358 2227 ruit3

192 2237 538 2299 perrumpitque
568 2235 774 2290 ordines,
833 2246 1113 2293 quacumque
1149 2231 1357 2330 inpfftffm

1252 2299 1275 2326 e
1309 2292 1358 2327 it.
