1436 2462
234 113 251 122 ..
377 84 428 138 Α.
447 103 496 138 v.
515 104 560 136 c.
579 90 675 136 440.
729 91 780 137 A.
805 104 846 136 c.
868 90 964 136 514.
1174 91 1259 145 ⁶49

70 216 332 274 jaff-quibus
365 216 600 276 principes
620 215 870 272 juventutis
899 211 1140 256 duodecim
1167 222 1260 270 nun·

67 271 235 326 ἄπει-ο,
259 271 324 315 -in
349 271 659 330 proditionem
682 271 866 313 urbium
893 269 1073 311 suarum
1094 269 1258 322 conju-

62 326 278 379 e:rati9fad
307 327 510 369 consules
530 325 740 368 veniunt:
777 325 964 376 docent,
990 322 1126 383 suos,
1176 325 1256 364 'am

74 383 244 436 pridem
272 389 535 436 exoptantes
561 381 822 422 Samnitium
841 379 1106 426 adventum,
1155 379 1260 420 cmul

75 436 140 477 ad
163 437 395 478 Lautulas
417 443 661 490 pugnatum
701 435 960 480 audierunt,
1007 448 1090 486 pro
1124 435 1260 474 victis

62 493 310 533 Romanos
334 490 470 532 habui
506 507 550 536 e,
586 491 837 546 juventute,
876 489 1011 529 armis
1041 490 1261 529 Samnites

69 542 244 605 juvgffe.
302 547 490 600 Fugatzs
508 545 609 586 inde
634 542 928 591 Samnitibus,·
955 545 1138 583 incerta*
1150 556 1262 596 pace

77 615 230 654 agere,
267 615 350 641 nee
377 600 624 641 claudentes
652 607 810 652 portas
836 599 1074 644 Romanis,
1116 611 1168 637 ne
1190 611 1261 637 ar-

76 651 243 714 ceffant
261 654 416 696 bellum
422 670 445 704 ,⁸
471 663 514 695 et
532 653 775 711 olgslinatos
791 652 991 692 claudere
1003 681 1014 699 ‚
1028 650 1076 710 fi
1098 653 1258 692 exerci-

76 717 153 749 tus
171 709 478 757 admoveatur.
545 712 600 750 In
622 723 675 748 ea·
689 704 994 764 fluctuatione
1019 708 1260 747 animorum

76 762 264 816 obprimi
287 764 490 805 incautos
515 759 650 828 pqſj'e.
725 761 814 804 His
847 760 1106 803 auctoribus
1135 768 1264 803 mota

74 818 269 875 propius
287 817 452 860 castra:
487 818 695 873 mittique
717 815 883 857 eodem
903 823 1112 872 tempore
1136 815 1263 859 circa

74 870 166 914 tria
193 871 364 929 oppida
388 872 584 925 milites,
661 873 797 912 artim
826 869 1017 918 armati,
1066 875 1145 926 qui
1176 869 1262 911 ob—

75 925 630 983 cultipropinquamoeni
664 940 716 966 us
734 924 982 967 infiderent
997 924 1122 973 loca3
1151 937 1264 980 par-

75 980 162 1022 tim
183 979 351 1035 togati,
389 981 519 1023 tectis
540 981 660 1023 veste
682 979 870 1034 gladiis,
902 977 980 1033 qui
1008 977 1087 1019 sub
1108 977 1263 1021 lucem

73 1034 246 1089 apertis
279 1036 424 1091 portis
455 1035 593 1078 urbes
624 1032 995 1088 ingrederentur.
1081 1030 1157 1076 Ab
1186 1031 1260 1074 his

72 1088 208 1130 fimul
233 1088 434 1130 custodes
464 1088 686 1131 trucidari
715 1101 796 1127 coe
832 1086 898 1138 ti,
938 1085 1068 1128 fimul
1105 1085 1265 1129 datum

71 1142 251 1197 lignum
279 1143 495 1195 armatis,
545 1151 596 1185 ut
626 1157 685 1184 ex
714 1141 796 1182 infi
831 1140 886 1182 iis
917 1147 1262 1184 concurrerent.

72 1195 334 1254 Iteportae
365 1196 637 1256 obcupatae‚
687 1195 867 1250 triaque
903 1193 1076 1251 oppida
1101 1194 1264 1238 eadem

70 1248 190 1293 hora
211 1251 463 1315 eodemque
490 1249 675 1294 conlilio
696 1264 747 1291 ca
783 1257 841 1291 ta.
908 1249 1021 1301 Sed,
1051 1249 1158 1305 quia
1179 1249 1262 1291 ab·-

75 1304 277 1347 rentibus
299 1305 488 1348 ducibus
511 1307 695 1363 inpetus
719 1319 742 1345 e
761 1314 778 1343 t
797 1302 958 1353 factus,
989 1304 1141 1345 nullus
1159 1318 1266 1346 mo-

77 1357 164 1400 dus
193 1359 406 1402 caedibus
436 1359 554 1411 iuit3
602 1358 840 1412 deletaque
867 1357 1109 1400 Ausonum
1137 1370 1266 1413 gens,

76 1412 161 1455 vix
187 1421 313 1455 certo
345 1413 613 1456 defectionis
646 1414 870 1465 crimine,
923 1411 1119 1469 perinde
1151 1426 1203 1454 ac
1233 1414 1265 1454 si

75 1466 364 1511 internecivo
390 1468 513 1511 bello
542 1467 759 1511 certasset.

187 1521 371 1567 XXVI.
423 1522 604 1567 Eodem
634 1535 785 1574 anno,
879 1519 1030 1562 rodito
1067 1519 1264 1563 hostibus

78 1575 296 1620 Romano
317 1576 569 1637 praefidio,
609 1576 810 1620 Luceria
871 1575 1116 1618 amnitium
1135 1574 1269 1631 tacta.

78 1631 183 1675 Nec
211 1630 291 1675 diu
312 1630 629 1690 proditoribus
642 1630 688 1674 in
727 1630 856 1673 unita
874 1644 947 1671 res
969 1628 1072 1673 fuit.
1129 1628 1271 1673 Haud

81 1685 250 1741 procul
285 1686 394 1730 inde
426 1685 654 1730 exercitus
736 1699 930 1730 omanus
964 1691 1088 1727 erat:
1139 1682 1269 1739 cujus

119 1739 239 1782 rimo
266 1740 426 1799 inpetu
468 1739 604 1794 urbs,
658 1740 737 1797 fita
771 1740 822 1781 in
853 1738 1022 1799 plane,
1078 1738 1272 1798 capitur.

129 1794 308 1837 ucerini
338 1809 390 1838 ac
412 1795 640 1839 Samnites
672 1794 729 1836 ad
755 1792 1122 1838 internecionem
1143 1794 1271 1835 caefi.

80 1849 333 1907 quueira
354 1850 591 1908 processit,
622 1855 671 1892 ut
690 1849 869 1891 Romae
893 1861 1098 1904 quoque,
1128 1861 1270 1903 quum

84 1905 143 1947 de
178 1903 354 1947 colonis
391 1903 628 1948 mittendis
670 1903 921 1948 Luceriam
959 1901 1273 1945 consuleretur

84 1959 290 2011 renatus,
343 1958 482 2007 multi
523 1957 766 2001 delendam
814 1957 975 1999 urbem
1019 1956 1272 1999 censerent.

81 2013 275 2057 Praeter
294 2013 480 2065 odium,
511 2012 630 2069 quod
654 2010 932 2055 exsecrabile
952 2011 1003 2053 in
1025 2010 1094 2053 bis
1114 2018 1272 2067 captos

83 2075 213 2118 erat,
260 2066 572 2126 longinquitas
605 2081 786 2124 quoque
819 2065 1070 2110 abhorrere
1100 2079 1125 2105 a
1150 2064 1274 2106 rele-

84 2121 247 2188 gandis
276 2128 370 2165 tam
391 2122 557 2182 procul
581 2121 636 2166 ab
668 2121 806 2166 domo
835 2120 1010 2163 civibus
1035 2123 1158 2162 inter
1178 2126 1275 2160 tam

80 2175 264 2222 infestas
297 2185 453 2232 gentes
484 2176 687 2232 cogebat.
754 2174 880 2220 Vicit
911 2182 1067 2217 tamen
1097 2175 1278 2215 senten-

81 2231 175 2288 tia,
238 2237 288 2277 ut
325 2230 617 2288 mitterentur
659 2230 830 2331 080]οέιῂ
910 2230 1018 2275 Duo
1053 2227 1213 2288 millia·
1233 2234 1279 2285 et

716 2300 736 2330 e
1139 2293 1279 2341 qum·-
