1436 2462
175 82 261 134 630
342 92 515 126 1.1v11
547 92 734 126 LIBER
763 94 834 126 ix.
890 93 1019 128 car.
1051 84 1115 130 13.
1139 84 1204 130 14.

185 202 486 249 circumdatos
508 203 640 258 ign-i,
659 203 961 260 nequidquam
979 203 1101 248 Deos
1129 203 1358 263 fidemque

185 257 473 309 invocantes,
503 257 728 300 Samnites
753 260 1173 305 concremaverunt.
1231 259 1361 307 Con-

187 310 328 361 futes,
361 311 478 353 inter
506 311 547 352 se
568 308 723 368 partiti
756 311 1015 368 previncias
1031 343 1043 363 ‚
1079 308 1292 374 Papirius
1311 316 1364 356 in

190 363 413 420 Apuliam
437 365 493 407 ad
510 365 757 408 Luceriam
780 365 945 460 pergit,
974 365 1049 407 ubi
1070 380 1094 406 e
1128 374 1240 409 uites
1262 366 1365 409 Ro-

191 417 319 459 mani
341 417 509 461 obfides
534 418 589 460 ad
619 419 842 462 Caudium
869 418 957 461 ‹ati
983 419 1099 461 custo
1127 415 1363 477 *iebn'gtture

192 470 419 514 Publilius
440 473 490 515 in
523 472 709 516 Samnio
739 473 921 518 [ubstitit
953 471 1167 515 adversus
1197 471 1366 530 Caudi-

195 540 277 567 nas
289 525 516 580 legiones.
570 526 800 570 Distendit
816 542 868 568 ea
885 541 957 568 res
973 525 1249 577 Samnitium
1267 524 1368 569 ”a‘ni-

195 593 325 630 mos3
366 581 484 636 quod
505 595 588 623 nec
609 580 664 622 ad
682 581 926 637 Luceriam
946 580 1041 633 ire,
1079 596 1136 622 ne
1166 580 1219 622 ab
1238 587 1366 636 tergo

195 632 387 684 instaret
411 634 569 682 hostis,
612 649 695 677 nec
720 649 937 686 manere,
982 649 1039 676 ne
1067 634 1266 685 Luceria
1293 636 1371 677 in-

198 687 336 730 terim
357 687 667 740 amitteretur,
705 687 808 732 'satis
837 687 1072 730 audebant.
1129 687 1374 744 Optimum

197 740 348 783 visum
374 741 432 783 est
455 742 741 785 committere
766 755 867 796 rem
893 740 1145 794 fortunae,
1161 749 1206 784 et
1222 748 1373 784 trans-

196 793 325 848 igere
346 809 451 838 cum
475 795 672 840 Publilio
692 802 938 840 certamen.
995 795 1149 853 Itaque
1161 797 1212 838 in
1228 794 1374 837 aciem

198 847 353 905 copias
386 848 594 893 educunt.
870 880 872 883 -

307 902 441 947 an.
462 902 697 947 Adversus
712 903 823 958 quos
833 900 1055 945 Publilius
1068 902 1221 950 consul
1231 917 1374 958 quum

199 955 495 1000 dimicaturus
525 957 650 1009 effet‚
702 957 831 1013 prius
870 955 973 999 adlo
1005 954 1176 999 uendos
1208 955 1374 1015 militae

198 1017 346 1059 ratus,
402 1010 670 1054 concionem
701 1010 915 1052 advocari
943 1011 989 1065 ju
1011 1011 1072 1053 fit.
1158 1009 1375 1052 ceterum

199 1064 308 1105 ficut
328 1064 504 1119 ingenti
532 1064 761 1115 alacritate
790 1062 847 1104 ad
871 1064 1378 1119 praetoriumconcur-

199 1116 301 1158 sum
324 1117 405 1166 est,
433 1117 497 1160 ita
516 1131 626 1174 prae
647 1116 846 1158 clamore
868 1117 1376 1209 poscentiumrpugnam

196 1170 327 1213 nulla
348 1169 605 1214 adhortatio
634 1169 924 1225 imperatoris
955 1169 1108 1211 audita
1130 1184 1157 1214 e
1172 1179 1202 1211 t.
1258 1169 1373 1211 Suus

199 1223 362 1279 cuique
392 1224 570 1265 animus
595 1237 775 1264 memor
799 1222 1078 1277 ignominiae
1107 1222 1374 1265 adhortator

200 1275 367 1319 aderat.
425 1277 610 1320 Vadunt
631 1276 771 1331 igitur
800 1275 852 1317 in
876 1275 1106 1332 proelium
1131 1283 1373 1331 urguentes

198 1329 462 1385 signiferos:
493 1338 552 1380 et,
584 1345 640 1371 ne
660 1343 793 1371 mora
816 1328 867 1371 in
885 1331 1104 1384 concursu
1124 1330 1230 1385 pilis
1242 1329 1380 1373 emit-

200 1383 348 1427 tendis
379 1383 646 1439 stringendis
682 1397 738 1423 ue
770 1381 877 1425 inde
906 1382 1067 1437 gladiis
1096 1384 1221 1434 estet,
1268 1383 1378 1439 pila,

202 1437 330 1480 velut
358 1437 461 1480 dato
497 1436 553 1479 ad
579 1436 623 1477 id
672 1448 806 1490 igno,
848 1435 1091 1490 abjiciunt,
1132 1436 1380 1491 strictisque

204 1490 368 1545 gladiis
398 1493 527 1533 cursu
554 1490 605 1533 in
632 1489 801 1531 hostem
832 1488 1052 1531 feruntur.
1118 1489 1250 1532 Nihil
1279 1489 1375 1532 illic

204 1546 529 1601 imperatoriae
562 1543 671 1586 artis
703 1542 938 1586 ordinibus
973 1550 1049 1585 aut
1074 1542 1270 1591 rubfidiis
1303 1543 1377 1586 lo-

207 1597 362 1641 candis
381 1597 492 1642 fuit:
532 1597 687 1639 omnia
710 1596 779 1638 ira
800 1596 1012 1639 militaris
1038 1612 1184 1654 prope
1211 1597 1376 1639 vesano

203 1653 365 1708 inpetu
386 1652 489 1707 egit.
546 1653 702 1707 Itaque
726 1665 820 1692 non
834 1649 914 1692 fufi
937 1651 1074 1692 modo
1096 1650 1237 1692 hostes
1253 1653 1378 1702 sunt3

206 1707 298 1759 sed,
327 1720 384 1747 ne
405 1706 553 1748 castris
578 1704 765 1760 quidem
788 1705 872 1746 suis
893 1703 940 1745 iu
975 1719 1045 1746 am
1063 1703 1271 1762 inpedire
1293 1719 1378 1746 au-

207 1763 254 1814 fi,
285 1758 503 1816 Apuliam
526 1758 722 1815 disfipati
740 1718 1199 1816 petiereziliuceriam
1210 1765 1376 1812 tamen,

208 1821 362 1859 coacto
393 1814 546 1856 rursus
576 1813 627 1855 in
667 1827 808 1853 unum
836 1813 1040 1867 agmine,
1089 1811 1147 1853 est
1176 1827 1378 1870 perven-

206 1875 321 1910 tum·
377 1867 612 1909 Romanos
634 1866 704 1907 ira
724 1865 904 1918 eadem,
932 1881 1042 1922 quae
1100 1880 1149 1908 er
1176 1865 1377 1908 mediam

210 1921 355 1963 aciem
387 1920 581 1964 hostium
612 1919 800 1971 tulerat,
847 1922 966 1962 etin
1001 1935 1051 1961 ca
1069 1930 1137 1960 tra
1173 1918 1379 1977 pertulit.

209 1974 281 2017 Ibi
305 1974 431 2031 plus,
476 1989 611 2029 quam
637 1976 686 2014 in
717 1971 836 2020 acie,
892 1973 1117 2029 sanguinis
1148 1988 1198 2015 ac
1230 1972 1378 2016 caedis

209 2026 381 2070 factum
396 2057 409 2077 ,
448 2028 731 2085 praedaeque
752 2040 857 2083 pars
879 2029 1025 2082 major
1052 2028 1122 2069 ira
1144 2035 1379 2084 conrupta.

210 2081 453 2125 Exercitus
474 2081 588 2122 alter
610 2095 715 2123 cum
736 2081 921 2138 Papirio
946 2082 1124 2124 consule
1143 2081 1253 2123 locis
1278 2094 1379 2122 ma-

209 2135 377 2177 ritimis
413 2141 687 2193 pervenerat
717 2134 873 2192 Arpos
903 2150 988 2192 per
1018 2135 1172 2178 omnia
1198 2140 1377 2191 pacata,

209 2188 484 2233 Samnitium
517 2187 661 2245 magis
696 2187 878 2248 injuriis
909 2196 953 2233 et
978 2189 1107 2246 odie,
1146 2202 1278 2247 quam
1299 2186 1380 2282 bg·-

1257 2254 1314 2284 ne
1349 2262 1374 2273 -
