<?xml version="1.0" encoding="UTF-8"?>
<!DOCTYPE html PUBLIC "-//W3C//DTD XHTML 1.0 Transitional//EN"
    "http://www.w3.org/TR/xhtml1/DTD/xhtml1-transitional.dtd">
<html xmlns="http://www.w3.org/1999/xhtml" xml:lang="en" lang="en">
 <head>
  <title>
</title>
<meta http-equiv="Content-Type" content="text/html;charset=utf-8" />
  <meta name='ocr-system' content='tesseract 3.04.00' />
  <meta name='ocr-capabilities' content='ocr_page ocr_carea ocr_par ocr_line ocrx_word'/>
</head>
<body>
  <div class='ocr_page' id='page_1' title='image "./historiarumlibr01livyuoft_0448.png"; bbox 0 0 1436 2462; ppageno 0'>
   <div class='ocr_carea' id='block_1_1' title="bbox 164 60 1199 123">
    <p class='ocr_par' dir='ltr' id='par_1_1' title="bbox 164 60 1199 123">
     <span class='ocr_line' id='line_1_1' title="bbox 164 60 1199 123; baseline 0.016 -29"><span class='ocrx_word' id='word_1_1' title='bbox 164 60 247 108; x_wconf 76' lang='lat'><strong>374</strong></span> <span class='ocrx_word' id='word_1_2' title='bbox 332 66 505 99; x_wconf 74' lang='lat' dir='ltr'><strong>mvn</strong></span> <span class='ocrx_word' id='word_1_3' title='bbox 536 67 733 102; x_wconf 68' lang='lat' dir='ltr'><strong>mnan</strong></span> <span class='ocrx_word' id='word_1_4' title='bbox 764 71 823 105; x_wconf 60' lang='grc' dir='ltr'><strong>ν,</strong></span> <span class='ocrx_word' id='word_1_5' title='bbox 869 73 1000 108; x_wconf 72' lang='grc' dir='ltr'><strong>οΑΡ.</strong></span> <span class='ocrx_word' id='word_1_6' title='bbox 1032 79 1099 123; x_wconf 79' lang='lat'><strong>19.</strong></span> <span class='ocrx_word' id='word_1_7' title='bbox 1128 78 1199 112; x_wconf 78' lang='lat'><strong>20.</strong></span> 
     </span>
    </p>
   </div>
   <div class='ocr_carea' id='block_1_2' title="bbox 174 173 1363 944">
    <p class='ocr_par' dir='ltr' id='par_1_2' title="bbox 174 173 1363 944">
     <span class='ocr_line' id='line_1_2' title="bbox 174 173 1358 241; baseline 0.017 -26"><span class='ocrx_word' id='word_1_8' title='bbox 174 173 263 236; x_wconf 71' lang='lat' dir='ltr'><strong>His</strong></span> <span class='ocrx_word' id='word_1_9' title='bbox 294 181 640 224; x_wconf 76' lang='lat' dir='ltr'><strong>tumultuofiora</strong></span> <span class='ocrx_word' id='word_1_10' title='bbox 666 181 866 238; x_wconf 85' lang='lat' dir='ltr'><strong>Romae,</strong></span> <span class='ocrx_word' id='word_1_11' title='bbox 902 184 1157 241; x_wconf 79' lang='lat' dir='ltr'><strong>jamcastra</strong></span> <span class='ocrx_word' id='word_1_12' title='bbox 1184 186 1242 233; x_wconf 79' lang='lat' dir='ltr'><strong>ad</strong></span> <span class='ocrx_word' id='word_1_13' title='bbox 1259 189 1358 234; x_wconf 65' lang='lat' dir='ltr'><strong>Vos</strong></span> 
     </span>
     <span class='ocr_line' id='line_1_3' title="bbox 174 231 1361 292; baseline 0.015 -22"><span class='ocrx_word' id='word_1_14' title='bbox 174 242 245 284; x_wconf 68' lang='lat' dir='ltr'><strong>jos</strong></span> <span class='ocrx_word' id='word_1_15' title='bbox 277 231 554 290; x_wconf 73' lang='lat' dir='ltr'><strong>obpugnat-i,</strong></span> <span class='ocrx_word' id='word_1_16' title='bbox 604 237 697 291; x_wconf 87' lang='lat' dir='ltr'><strong>jam</strong></span> <span class='ocrx_word' id='word_1_17' title='bbox 723 246 905 292; x_wconf 83' lang='lat' dir='ltr'><strong>partem</strong></span> <span class='ocrx_word' id='word_1_18' title='bbox 936 239 1131 286; x_wconf 80' lang='lat' dir='ltr'><strong>hostium</strong></span> <span class='ocrx_word' id='word_1_19' title='bbox 1164 243 1361 288; x_wconf 55' lang='lat' dir='ltr'><strong>tendere&gt;</strong></span> 
     </span>
     <span class='ocr_line' id='line_1_4' title="bbox 181 283 1358 347; baseline 0.016 -24"><span class='ocrx_word' id='word_1_20' title='bbox 181 283 235 324; x_wconf 86' lang='lat' dir='ltr'><strong>ad</strong></span> <span class='ocrx_word' id='word_1_21' title='bbox 257 285 426 330; x_wconf 77' lang='lat' dir='ltr'><strong>Vrbem</strong></span> <span class='ocrx_word' id='word_1_22' title='bbox 461 290 643 344; x_wconf 83' lang='lat' dir='ltr'><strong>agmine</strong></span> <span class='ocrx_word' id='word_1_23' title='bbox 668 291 852 343; x_wconf 81' lang='lat' dir='ltr'><strong>infesto,</strong></span> <span class='ocrx_word' id='word_1_24' title='bbox 888 294 1202 347; x_wconf 45' lang='lat' dir='ltr'><strong>crediderant*</strong></span> <span class='ocrx_word' id='word_1_25' title='bbox 1241 313 1358 341; x_wconf 85' lang='lat' dir='ltr'><strong>con-</strong></span> 
     </span>
     <span class='ocr_line' id='line_1_5' title="bbox 184 339 1357 404; baseline 0.017 -27"><span class='ocrx_word' id='word_1_26' title='bbox 184 339 454 398; x_wconf 80' lang='lat' dir='ltr'>cursumque</span> <span class='ocrx_word' id='word_1_27' title='bbox 498 346 547 387; x_wconf 85' lang='lat' dir='ltr'><strong>in</strong></span> <span class='ocrx_word' id='word_1_28' title='bbox 589 359 748 388; x_wconf 86' lang='lat' dir='ltr'><strong>muros</strong></span> <span class='ocrx_word' id='word_1_29' title='bbox 788 348 874 400; x_wconf 83' lang='lat' dir='ltr'><strong>est,</strong></span> <span class='ocrx_word' id='word_1_30' title='bbox 940 355 987 390; x_wconf 81' lang='lat' dir='ltr'><strong>et</strong></span> <span class='ocrx_word' id='word_1_31' title='bbox 1015 355 1357 404; x_wconf 76' lang='lat' dir='ltr'><strong>matronarum,</strong></span> 
     </span>
     <span class='ocr_line' id='line_1_6' title="bbox 215 397 1356 460; baseline 0.012 -26"><span class='ocrx_word' id='word_1_32' title='bbox 215 406 292 434; x_wconf 79' lang='lat' dir='ltr'><strong>uas</strong></span> <span class='ocrx_word' id='word_1_33' title='bbox 320 410 376 437; x_wconf 82' lang='lat' dir='ltr'><strong>ex</strong></span> <span class='ocrx_word' id='word_1_34' title='bbox 396 397 532 440; x_wconf 88' lang='lat' dir='ltr'><strong>domo</strong></span> <span class='ocrx_word' id='word_1_35' title='bbox 559 401 817 443; x_wconf 86' lang='lat' dir='ltr'><strong>conciverat</strong></span> <span class='ocrx_word' id='word_1_36' title='bbox 839 401 1047 458; x_wconf 80' lang='lat' dir='ltr'><strong>publicus</strong></span> <span class='ocrx_word' id='word_1_37' title='bbox 1068 417 1241 460; x_wconf 78' lang='lat' dir='ltr'><strong>pavor,</strong></span> <span class='ocrx_word' id='word_1_38' title='bbox 1270 405 1356 448; x_wconf 84' lang='lat' dir='ltr'><strong>ob·-</strong></span> 
     </span>
     <span class='ocr_line' id='line_1_7' title="bbox 204 449 1359 517; baseline 0.013 -31"><span class='ocrx_word' id='word_1_39' title='bbox 204 449 452 507; x_wconf 51' lang='lat' dir='ltr'><strong>ecrationes</strong></span> <span class='ocrx_word' id='word_1_40' title='bbox 483 453 533 495; x_wconf 85' lang='lat' dir='ltr'><strong>in</strong></span> <span class='ocrx_word' id='word_1_41' title='bbox 561 454 744 510; x_wconf 86' lang='lat' dir='ltr'><strong>templis</strong></span> <span class='ocrx_word' id='word_1_42' title='bbox 766 453 939 498; x_wconf 80' lang='lat' dir='ltr'><strong>factae:</strong></span> <span class='ocrx_word' id='word_1_43' title='bbox 978 457 1283 517; x_wconf 75' lang='lat' dir='ltr'>precibusque</span> <span class='ocrx_word' id='word_1_44' title='bbox 1302 458 1359 501; x_wconf 83' lang='lat' dir='ltr'><strong>ab</strong></span> 
     </span>
     <span class='ocr_line' id='line_1_8' title="bbox 179 497 1359 559; baseline 0.014 -19"><span class='ocrx_word' id='word_1_45' title='bbox 179 497 283 559; x_wconf 55' lang='lat' dir='ltr'><strong>Dus</strong></span> <span class='ocrx_word' id='word_1_46' title='bbox 311 507 502 559; x_wconf 77' lang='lat' dir='ltr'><strong>petitum</strong></span> <span class='ocrx_word' id='word_1_47' title='bbox 516 537 527 558; x_wconf 89' lang='lat'>‚</span> <span class='ocrx_word' id='word_1_48' title='bbox 568 514 618 548; x_wconf 88' lang='lat' dir='ltr'><strong>ut</strong></span> <span class='ocrx_word' id='word_1_49' title='bbox 638 508 832 550; x_wconf 79' lang='lat' dir='ltr'><strong>exitium</strong></span> <span class='ocrx_word' id='word_1_50' title='bbox 853 508 908 551; x_wconf 89' lang='lat' dir='ltr'><strong>ab</strong></span> <span class='ocrx_word' id='word_1_51' title='bbox 927 510 1066 554; x_wconf 82' lang='lat' dir='ltr'><strong>Vrbis</strong></span> <span class='ocrx_word' id='word_1_52' title='bbox 1090 511 1219 555; x_wconf 69' lang='lat' dir='ltr'><strong>tectis</strong></span> <span class='ocrx_word' id='word_1_53' title='bbox 1236 520 1359 556; x_wconf 71' lang='lat' dir='ltr'><strong>tem-</strong></span> 
     </span>
     <span class='ocr_line' id='line_1_9' title="bbox 182 554 1359 619; baseline 0.011 -24"><span class='ocrx_word' id='word_1_54' title='bbox 182 554 357 611; x_wconf 72' lang='lat' dir='ltr'><strong>pltsque</strong></span> <span class='ocrx_word' id='word_1_55' title='bbox 389 573 440 600; x_wconf 88' lang='lat' dir='ltr'><strong>ac</strong></span> <span class='ocrx_word' id='word_1_56' title='bbox 464 559 703 603; x_wconf 82' lang='lat' dir='ltr'><strong>moenibus</strong></span> <span class='ocrx_word' id='word_1_57' title='bbox 734 562 956 610; x_wconf 81' lang='lat' dir='ltr'><strong>Romanis</strong></span> <span class='ocrx_word' id='word_1_58' title='bbox 988 571 1222 619; x_wconf 82' lang='lat' dir='ltr'>arcerent,</span> <span class='ocrx_word' id='word_1_59' title='bbox 1259 565 1359 614; x_wconf 71' lang='lat' dir='ltr'><strong>Ve-</strong></span> 
     </span>
     <span class='ocr_line' id='line_1_10' title="bbox 181 609 1361 670; baseline 0.013 -22"><span class='ocrx_word' id='word_1_60' title='bbox 181 609 342 664; x_wconf 83' lang='lat' dir='ltr'><strong>josqu‹·</strong></span> <span class='ocrx_word' id='word_1_61' title='bbox 369 627 475 656; x_wconf 86' lang='lat' dir='ltr'><strong>eum</strong></span> <span class='ocrx_word' id='word_1_62' title='bbox 501 623 759 657; x_wconf 82' lang='lat' dir='ltr'><strong>averterent</strong></span> <span class='ocrx_word' id='word_1_63' title='bbox 782 623 1036 670; x_wconf 83' lang='lat' dir='ltr'><strong>terrorem,</strong></span> <span class='ocrx_word' id='word_1_64' title='bbox 1082 619 1114 658; x_wconf 79' lang='lat' dir='ltr'><strong>fi</strong></span> <span class='ocrx_word' id='word_1_65' title='bbox 1135 620 1262 662; x_wconf 74' lang='lat' dir='ltr'><strong>sacra</strong></span> <span class='ocrx_word' id='word_1_66' title='bbox 1282 633 1361 662; x_wconf 82' lang='lat' dir='ltr'><strong>re-</strong></span> 
     </span>
     <span class='ocr_line' id='line_1_11' title="bbox 182 667 1343 726; baseline 0.011 -22"><span class='ocrx_word' id='word_1_67' title='bbox 182 671 350 707; x_wconf 77' lang='lat' dir='ltr'><strong>novata</strong></span> <span class='ocrx_word' id='word_1_68' title='bbox 368 667 478 721; x_wconf 80' lang='lat' dir='ltr'><strong>rite,</strong></span> <span class='ocrx_word' id='word_1_69' title='bbox 518 671 546 709; x_wconf 80' lang='lat' dir='ltr'><strong>li</strong></span> <span class='ocrx_word' id='word_1_70' title='bbox 567 677 811 726; x_wconf 82' lang='lat' dir='ltr'><strong>procurata</strong></span> <span class='ocrx_word' id='word_1_71' title='bbox 833 671 1046 725; x_wconf 85' lang='lat' dir='ltr'><strong>prodigia</strong></span> <span class='ocrx_word' id='word_1_72' title='bbox 1067 671 1217 716; x_wconf 86' lang='lat' dir='ltr'><strong>elIent.</strong></span> <span class='ocrx_word' id='word_1_73' title='bbox 1340 699 1343 702; x_wconf 20' lang='grc' dir='ltr'><strong>Δ</strong></span> 
     </span>
     <span class='ocr_line' id='line_1_12' title="bbox 292 719 1362 781; baseline 0.007 -18"><span class='ocrx_word' id='word_1_74' title='bbox 292 719 428 763; x_wconf 89' lang='grc' dir='ltr'><strong>ΧΙΧ.</strong></span> <span class='ocrx_word' id='word_1_75' title='bbox 483 723 582 765; x_wconf 88' lang='lat' dir='ltr'><strong>Jam</strong></span> <span class='ocrx_word' id='word_1_76' title='bbox 632 722 730 764; x_wconf 91' lang='lat' dir='ltr'><strong>ludi</strong></span> <span class='ocrx_word' id='word_1_77' title='bbox 776 723 1057 781; x_wconf 79' lang='lat' dir='ltr'>Latinaeque</span> <span class='ocrx_word' id='word_1_78' title='bbox 1092 725 1362 770; x_wconf 76' lang='lat' dir='ltr'><strong>instauratae</strong></span> 
     </span>
     <span class='ocr_line' id='line_1_13' title="bbox 183 774 1362 836; baseline 0.011 -25"><span class='ocrx_word' id='word_1_79' title='bbox 183 780 336 814; x_wconf 80' lang='lat' dir='ltr'><strong>erant:</strong></span> <span class='ocrx_word' id='word_1_80' title='bbox 365 774 458 828; x_wconf 84' lang='lat' dir='ltr'><strong>jam</strong></span> <span class='ocrx_word' id='word_1_81' title='bbox 474 792 532 819; x_wconf 80' lang='lat' dir='ltr'><strong>ex</strong></span> <span class='ocrx_word' id='word_1_82' title='bbox 545 777 646 818; x_wconf 87' lang='lat' dir='ltr'><strong>lacu</strong></span> <span class='ocrx_word' id='word_1_83' title='bbox 658 776 842 819; x_wconf 82' lang='lat' dir='ltr'><strong>Albano</strong></span> <span class='ocrx_word' id='word_1_84' title='bbox 853 791 968 833; x_wconf 86' lang='lat' dir='ltr'><strong>aqua</strong></span> <span class='ocrx_word' id='word_1_85' title='bbox 983 779 1196 822; x_wconf 82' lang='lat' dir='ltr'><strong>emilrain</strong></span> <span class='ocrx_word' id='word_1_86' title='bbox 1211 793 1362 836; x_wconf 80' lang='lat' dir='ltr'><strong>agros,</strong></span> 
     </span>
     <span class='ocr_line' id='line_1_14' title="bbox 180 822 1362 886; baseline 0.01 -20"><span class='ocrx_word' id='word_1_87' title='bbox 180 822 407 882; x_wconf 72' lang='lat' dir='ltr'><strong>Veiosque</strong></span> <span class='ocrx_word' id='word_1_88' title='bbox 437 829 528 872; x_wconf 82' lang='lat' dir='ltr'><strong>fata</strong></span> <span class='ocrx_word' id='word_1_89' title='bbox 564 829 847 886; x_wconf 80' lang='lat' dir='ltr'><strong>adpetebant.</strong></span> <span class='ocrx_word' id='word_1_90' title='bbox 910 831 1061 886; x_wconf 83' lang='lat' dir='ltr'>Igitur</span> <span class='ocrx_word' id='word_1_91' title='bbox 1086 831 1236 875; x_wconf 76' lang='lat' dir='ltr'><strong>fatalis</strong></span> <span class='ocrx_word' id='word_1_92' title='bbox 1265 833 1362 879; x_wconf 82' lang='lat' dir='ltr'><strong>dux</strong></span> 
     </span>
     <span class='ocr_line' id='line_1_15' title="bbox 183 878 1363 944; baseline 0.01 -26"><span class='ocrx_word' id='word_1_93' title='bbox 183 878 240 918; x_wconf 87' lang='lat' dir='ltr'><strong>ad</strong></span> <span class='ocrx_word' id='word_1_94' title='bbox 263 881 494 925; x_wconf 82' lang='lat' dir='ltr'><strong>excidium</strong></span> <span class='ocrx_word' id='word_1_95' title='bbox 522 885 647 932; x_wconf 56' lang='lat' dir='ltr'><strong>illius</strong></span> <span class='ocrx_word' id='word_1_96' title='bbox 669 884 793 926; x_wconf 82' lang='lat' dir='ltr'><strong>urbis</strong></span> <span class='ocrx_word' id='word_1_97' title='bbox 815 885 1147 943; x_wconf 83' lang='lat' dir='ltr'><strong>servandaeque</strong></span> <span class='ocrx_word' id='word_1_98' title='bbox 1170 889 1363 944; x_wconf 80' lang='lat' dir='ltr'><strong>patriae,</strong></span> 
     </span>
    </p>
   </div>
   <div class='ocr_carea' id='block_1_3' title="bbox 181 931 1431 998">
    <p class='ocr_par' dir='ltr' id='par_1_3' title="bbox 181 931 1431 998">
     <span class='ocr_line' id='line_1_16' title="bbox 181 931 1431 998; baseline 0.009 -25"><span class='ocrx_word' id='word_1_99' title='bbox 181 931 248 974; x_wconf 87' lang='lat' dir='ltr'><strong>M.</strong></span> <span class='ocrx_word' id='word_1_100' title='bbox 265 932 434 978; x_wconf 81' lang='lat' dir='ltr'><strong>Furius</strong></span> <span class='ocrx_word' id='word_1_101' title='bbox 451 938 688 989; x_wconf 84' lang='lat' dir='ltr'>Camillus,</span> <span class='ocrx_word' id='word_1_102' title='bbox 721 938 914 981; x_wconf 82' lang='lat' dir='ltr'><strong>dictator</strong></span> <span class='ocrx_word' id='word_1_103' title='bbox 933 937 1077 982; x_wconf 83' lang='lat' dir='ltr'><strong>dictus</strong></span> <span class='ocrx_word' id='word_1_104' title='bbox 1094 940 1359 998; x_wconf 82' lang='lat' dir='ltr'><strong>magistrum</strong></span> <span class='ocrx_word' id='word_1_105' title='bbox 1424 964 1431 969; x_wconf 78' lang='lat'><em>-</em></span> 
     </span>
    </p>
   </div>
   <div class='ocr_carea' id='block_1_4' title="bbox 178 987 1414 2291">
    <p class='ocr_par' dir='ltr' id='par_1_4' title="bbox 178 987 1414 2291">
     <span class='ocr_line' id='line_1_17' title="bbox 183 987 1364 1048; baseline 0.009 -21"><span class='ocrx_word' id='word_1_106' title='bbox 183 987 389 1041; x_wconf 86' lang='lat' dir='ltr'><strong>equitum</strong></span> <span class='ocrx_word' id='word_1_107' title='bbox 403 991 454 1033; x_wconf 91' lang='lat' dir='ltr'><strong>P.</strong></span> <span class='ocrx_word' id='word_1_108' title='bbox 467 992 737 1034; x_wconf 79' lang='lat' dir='ltr'><strong>Cornelium</strong></span> <span class='ocrx_word' id='word_1_109' title='bbox 749 992 1014 1048; x_wconf 83' lang='lat' dir='ltr'><strong>Scipionem</strong></span> <span class='ocrx_word' id='word_1_110' title='bbox 1029 992 1157 1036; x_wconf 77' lang='lat' dir='ltr'><strong>dixit.</strong></span> <span class='ocrx_word' id='word_1_111' title='bbox 1187 993 1364 1038; x_wconf 83' lang='lat' dir='ltr'><strong>Omnia.</strong></span> 
     </span>
     <span class='ocr_line' id='line_1_18' title="bbox 181 1046 1360 1101; baseline 0.009 -20"><span class='ocrx_word' id='word_1_112' title='bbox 181 1048 372 1097; x_wconf 83' lang='lat' dir='ltr'><strong>repente</strong></span> <span class='ocrx_word' id='word_1_113' title='bbox 399 1052 658 1087; x_wconf 82' lang='lat' dir='ltr'><strong>mutaverat</strong></span> <span class='ocrx_word' id='word_1_114' title='bbox 686 1046 937 1101; x_wconf 82' lang='lat' dir='ltr'><strong>imperator</strong></span> <span class='ocrx_word' id='word_1_115' title='bbox 963 1054 1176 1090; x_wconf 79' lang='lat' dir='ltr'><strong>mutatus.</strong></span> <span class='ocrx_word' id='word_1_116' title='bbox 1214 1060 1217 1061; x_wconf 71' lang='grc'>’</span> <span class='ocrx_word' id='word_1_117' title='bbox 1248 1047 1360 1092; x_wconf 80' lang='lat' dir='ltr'><strong>Alia</strong></span> 
     </span>
     <span class='ocr_line' id='line_1_19' title="bbox 180 1093 1362 1165; baseline 0.008 -30"><span class='ocrx_word' id='word_1_118' title='bbox 180 1093 280 1149; x_wconf 83' lang='lat' dir='ltr'><strong>spes</strong></span> <span class='ocrx_word' id='word_1_119' title='bbox 294 1127 306 1147; x_wconf 96' lang='lat'><strong>‚</strong></span> <span class='ocrx_word' id='word_1_120' title='bbox 336 1097 452 1140; x_wconf 86' lang='lat' dir='ltr'><strong>alius</strong></span> <span class='ocrx_word' id='word_1_121' title='bbox 471 1099 650 1141; x_wconf 80' lang='lat' dir='ltr'><strong>animus</strong></span> <span class='ocrx_word' id='word_1_122' title='bbox 676 1099 920 1142; x_wconf 86' lang='lat' dir='ltr'><strong>hominum</strong></span> <span class='ocrx_word' id='word_1_123' title='bbox 936 1130 948 1151; x_wconf 91' lang='lat'>,</span> <span class='ocrx_word' id='word_1_124' title='bbox 976 1098 1164 1143; x_wconf 83' lang='lat' dir='ltr'><strong>fortuna.</strong></span> <span class='ocrx_word' id='word_1_125' title='bbox 1181 1114 1362 1165; x_wconf 80' lang='lat' dir='ltr'><strong>quoque</strong></span> 
     </span>
     <span class='ocr_line' id='line_1_20' title="bbox 180 1148 1374 1212; baseline 0.007 -22"><span class='ocrx_word' id='word_1_126' title='bbox 180 1148 270 1191; x_wconf 84' lang='lat' dir='ltr'><strong>alia</strong></span> <span class='ocrx_word' id='word_1_127' title='bbox 302 1150 427 1192; x_wconf 86' lang='lat' dir='ltr'><strong>urbis</strong></span> <span class='ocrx_word' id='word_1_128' title='bbox 459 1152 620 1195; x_wconf 82' lang='lat' dir='ltr'><strong>videri.</strong></span> <span class='ocrx_word' id='word_1_129' title='bbox 698 1152 924 1197; x_wconf 87' lang='lat' dir='ltr'>Omnium</span> <span class='ocrx_word' id='word_1_130' title='bbox 953 1153 1160 1211; x_wconf 86' lang='lat' dir='ltr'><strong>primum</strong></span> <span class='ocrx_word' id='word_1_131' title='bbox 1185 1170 1239 1198; x_wconf 86' lang='lat' dir='ltr'><strong>ln</strong></span> <span class='ocrx_word' id='word_1_132' title='bbox 1263 1170 1374 1212; x_wconf 53' lang='lat' dir='ltr'><strong>eos„</strong></span> 
     </span>
     <span class='ocr_line' id='line_1_21' title="bbox 214 1203 1357 1264; baseline 0.007 -20"><span class='ocrx_word' id='word_1_133' title='bbox 214 1204 261 1244; x_wconf 83' lang='lat' dir='ltr'><strong>ui</strong></span> <span class='ocrx_word' id='word_1_134' title='bbox 285 1217 311 1244; x_wconf 85' lang='lat' dir='ltr'><strong>a</strong></span> <span class='ocrx_word' id='word_1_135' title='bbox 334 1203 379 1246; x_wconf 87' lang='lat' dir='ltr'>V</span> <span class='ocrx_word' id='word_1_136' title='bbox 380 1205 460 1259; x_wconf 83' lang='lat' dir='ltr'><strong>ejis</strong></span> <span class='ocrx_word' id='word_1_137' title='bbox 478 1207 527 1248; x_wconf 85' lang='lat' dir='ltr'><strong>in</strong></span> <span class='ocrx_word' id='word_1_138' title='bbox 544 1206 624 1248; x_wconf 79' lang='lat' dir='ltr'><strong>illo</strong></span> <span class='ocrx_word' id='word_1_139' title='bbox 643 1221 817 1264; x_wconf 84' lang='lat' dir='ltr'><strong>pavore</strong></span> <span class='ocrx_word' id='word_1_140' title='bbox 839 1206 1074 1262; x_wconf 80' lang='lat' dir='ltr'><strong>fugerant,</strong></span> <span class='ocrx_word' id='word_1_141' title='bbox 1111 1222 1244 1251; x_wconf 87' lang='lat' dir='ltr'><strong>more</strong></span> <span class='ocrx_word' id='word_1_142' title='bbox 1261 1209 1357 1252; x_wconf 84' lang='lat' dir='ltr'><strong>mi·-</strong></span> 
     </span>
     <span class='ocr_line' id='line_1_22' title="bbox 220 1257 1361 1317; baseline 0.007 -20"><span class='ocrx_word' id='word_1_143' title='bbox 220 1257 307 1298; x_wconf 86' lang='lat' dir='ltr'><strong>tari</strong></span> <span class='ocrx_word' id='word_1_144' title='bbox 323 1258 668 1312; x_wconf 85' lang='lat' dir='ltr'><strong>animadvertit,</strong></span> <span class='ocrx_word' id='word_1_145' title='bbox 705 1259 943 1317; x_wconf 81' lang='lat' dir='ltr'><strong>effecitque</strong></span> <span class='ocrx_word' id='word_1_146' title='bbox 1007 1275 1067 1303; x_wconf 86' lang='lat' dir='ltr'><strong>ne</strong></span> <span class='ocrx_word' id='word_1_147' title='bbox 1088 1259 1224 1305; x_wconf 73' lang='lat' dir='ltr'><strong>hostis</strong></span> <span class='ocrx_word' id='word_1_148' title='bbox 1257 1266 1361 1305; x_wconf 87' lang='lat' dir='ltr'><strong>ma-&#39;</strong></span> 
     </span>
     <span class='ocr_line' id='line_1_23' title="bbox 181 1292 1360 1368; baseline 0.005 -14"><span class='ocrx_word' id='word_1_149' title='bbox 181 1310 309 1354; x_wconf 79' lang='lat' dir='ltr'><strong>xime</strong></span> <span class='ocrx_word' id='word_1_150' title='bbox 333 1313 563 1356; x_wconf 85' lang='lat' dir='ltr'><strong>timendus</strong></span> <span class='ocrx_word' id='word_1_151' title='bbox 593 1313 734 1357; x_wconf 81' lang='lat' dir='ltr'><strong>militi</strong></span> <span class='ocrx_word' id='word_1_152' title='bbox 761 1314 879 1356; x_wconf 80' lang='lat' dir='ltr'><strong>effet.</strong></span> <span class='ocrx_word' id='word_1_153' title='bbox 944 1292 1148 1368; x_wconf 54' lang='lat' dir='ltr'><strong>beindm</strong></span> <span class='ocrx_word' id='word_1_154' title='bbox 1186 1313 1360 1360; x_wconf 80' lang='lat' dir='ltr'><strong>indicto</strong></span> 
     </span>
     <span class='ocr_line' id='line_1_24' title="bbox 183 1363 1361 1426; baseline 0.007 -21"><span class='ocrx_word' id='word_1_155' title='bbox 183 1363 360 1407; x_wconf 87' lang='lat' dir='ltr'><strong>delectu</strong></span> <span class='ocrx_word' id='word_1_156' title='bbox 384 1367 434 1408; x_wconf 88' lang='lat' dir='ltr'><strong>in</strong></span> <span class='ocrx_word' id='word_1_157' title='bbox 453 1367 574 1409; x_wconf 83' lang='lat' dir='ltr'><strong>diem</strong></span> <span class='ocrx_word' id='word_1_158' title='bbox 596 1375 792 1415; x_wconf 81' lang='lat' dir='ltr'><strong>certam,</strong></span> <span class='ocrx_word' id='word_1_159' title='bbox 820 1367 916 1425; x_wconf 80' lang='lat' dir='ltr'><strong>ipse</strong></span> <span class='ocrx_word' id='word_1_160' title='bbox 933 1368 1120 1411; x_wconf 84' lang='lat' dir='ltr'><strong>interim</strong></span> <span class='ocrx_word' id='word_1_161' title='bbox 1146 1370 1281 1426; x_wconf 83' lang='lat' dir='ltr'><strong>Vejos</strong></span> <span class='ocrx_word' id='word_1_162' title='bbox 1302 1371 1361 1415; x_wconf 86' lang='lat' dir='ltr'><strong>ad</strong></span> 
     </span>
     <span class='ocr_line' id='line_1_25' title="bbox 183 1417 1360 1468; baseline 0.007 -9"><span class='ocrx_word' id='word_1_163' title='bbox 183 1417 522 1463; x_wconf 80' lang='lat' dir='ltr'><strong>confirmandos</strong></span> <span class='ocrx_word' id='word_1_164' title='bbox 546 1421 748 1464; x_wconf 83' lang='lat' dir='ltr'><strong>militum</strong></span> <span class='ocrx_word' id='word_1_165' title='bbox 774 1425 951 1465; x_wconf 84' lang='lat' dir='ltr'><strong>animos</strong></span> <span class='ocrx_word' id='word_1_166' title='bbox 970 1423 1257 1468; x_wconf 70' lang='lat' dir='ltr'><strong>intercurritx</strong></span> <span class='ocrx_word' id='word_1_167' title='bbox 1282 1424 1360 1467; x_wconf 86' lang='lat' dir='ltr'><strong>in-</strong></span> 
     </span>
     <span class='ocr_line' id='line_1_26' title="bbox 181 1471 1358 1522; baseline 0.006 -8"><span class='ocrx_word' id='word_1_168' title='bbox 181 1471 238 1513; x_wconf 90' lang='lat' dir='ltr'><strong>de</strong></span> <span class='ocrx_word' id='word_1_169' title='bbox 267 1472 467 1516; x_wconf 89' lang='lat' dir='ltr'>Romam</span> <span class='ocrx_word' id='word_1_170' title='bbox 502 1475 557 1517; x_wconf 90' lang='lat' dir='ltr'><strong>ad</strong></span> <span class='ocrx_word' id='word_1_171' title='bbox 582 1474 871 1519; x_wconf 86' lang='lat' dir='ltr'><strong>scribendum</strong></span> <span class='ocrx_word' id='word_1_172' title='bbox 902 1490 1074 1518; x_wconf 88' lang='lat' dir='ltr'><strong>novum</strong></span> <span class='ocrx_word' id='word_1_173' title='bbox 1100 1478 1358 1522; x_wconf 79' lang='lat' dir='ltr'><strong>&#39;exercitum</strong></span> 
     </span>
     <span class='ocr_line' id='line_1_27' title="bbox 180 1525 1358 1587; baseline 0.005 -19"><span class='ocrx_word' id='word_1_174' title='bbox 180 1525 326 1579; x_wconf 81' lang='lat' dir='ltr'><strong>redit,</strong></span> <span class='ocrx_word' id='word_1_175' title='bbox 365 1529 494 1571; x_wconf 87' lang='lat' dir='ltr'><strong>nullo</strong></span> <span class='ocrx_word' id='word_1_176' title='bbox 523 1529 799 1571; x_wconf 81' lang='lat' dir='ltr'><strong>detrectante</strong></span> <span class='ocrx_word' id='word_1_177' title='bbox 825 1529 1054 1573; x_wconf 82' lang='lat' dir='ltr'><strong>militiam.</strong></span> <span class='ocrx_word' id='word_1_178' title='bbox 1109 1531 1358 1587; x_wconf 80' lang='lat' dir='ltr'><strong>Peregrina.</strong></span> 
     </span>
     <span class='ocr_line' id='line_1_28' title="bbox 182 1580 1357 1643; baseline 0.007 -22"><span class='ocrx_word' id='word_1_179' title='bbox 182 1580 320 1623; x_wconf 78' lang='lat' dir='ltr'><strong>etiam</strong></span> <span class='ocrx_word' id='word_1_180' title='bbox 349 1582 584 1637; x_wconf 83' lang='lat' dir='ltr'><strong>juventus,</strong></span> <span class='ocrx_word' id='word_1_181' title='bbox 630 1582 785 1626; x_wconf 84' lang='lat' dir='ltr'><strong>Latini</strong></span> <span class='ocrx_word' id='word_1_182' title='bbox 813 1583 1096 1640; x_wconf 85' lang='lat' dir='ltr'><strong>Hernicique</strong></span> <span class='ocrx_word' id='word_1_183' title='bbox 1116 1617 1129 1637; x_wconf 87' lang='lat'>‚</span> <span class='ocrx_word' id='word_1_184' title='bbox 1169 1599 1357 1643; x_wconf 80' lang='lat' dir='ltr'><strong>operam</strong></span> 
     </span>
     <span class='ocr_line' id='line_1_29' title="bbox 179 1633 1358 1696; baseline 0.005 -21"><span class='ocrx_word' id='word_1_185' title='bbox 179 1633 309 1676; x_wconf 80' lang='lat' dir='ltr'><strong>suam</strong></span> <span class='ocrx_word' id='word_1_186' title='bbox 335 1635 604 1692; x_wconf 82' lang='lat' dir='ltr'><strong>pollicentes</strong></span> <span class='ocrx_word' id='word_1_187' title='bbox 635 1637 691 1679; x_wconf 91' lang='lat' dir='ltr'><strong>ad</strong></span> <span class='ocrx_word' id='word_1_188' title='bbox 713 1637 761 1679; x_wconf 85' lang='lat' dir='ltr'><strong>id</strong></span> <span class='ocrx_word' id='word_1_189' title='bbox 783 1637 981 1685; x_wconf 84' lang='lat' dir='ltr'><strong>bellum,</strong></span> <span class='ocrx_word' id='word_1_190' title='bbox 1021 1653 1213 1681; x_wconf 68' lang='lat' dir='ltr'><strong>venerea</strong></span> <span class='ocrx_word' id='word_1_191' title='bbox 1251 1639 1358 1696; x_wconf 90' lang='lat' dir='ltr'><strong>qui-</strong></span> 
     </span>
     <span class='ocr_line' id='line_1_30' title="bbox 178 1687 1354 1747; baseline 0.005 -18"><span class='ocrx_word' id='word_1_192' title='bbox 178 1687 264 1730; x_wconf 78' lang='lat' dir='ltr'><strong>bus</strong></span> <span class='ocrx_word' id='word_1_193' title='bbox 305 1703 447 1745; x_wconf 89' lang='lat' dir='ltr'><strong>quum</strong></span> <span class='ocrx_word' id='word_1_194' title='bbox 480 1693 648 1746; x_wconf 82' lang='lat' dir='ltr'><strong>gratias</strong></span> <span class='ocrx_word' id='word_1_195' title='bbox 682 1691 732 1734; x_wconf 89' lang='lat' dir='ltr'><strong>in</strong></span> <span class='ocrx_word' id='word_1_196' title='bbox 767 1691 922 1734; x_wconf 78' lang='lat' dir='ltr'><strong>senatu</strong></span> <span class='ocrx_word' id='word_1_197' title='bbox 960 1691 1112 1747; x_wconf 80' lang='lat' dir='ltr'><strong>egiffet</strong></span> <span class='ocrx_word' id='word_1_198' title='bbox 1146 1692 1354 1746; x_wconf 81' lang='lat' dir='ltr'><strong>dictator,</strong></span> 
     </span>
     <span class='ocr_line' id='line_1_31' title="bbox 180 1741 1352 1808; baseline 0.006 -26"><span class='ocrx_word' id='word_1_199' title='bbox 180 1741 285 1783; x_wconf 81' lang='lat' dir='ltr'><strong>satis</strong></span> <span class='ocrx_word' id='word_1_200' title='bbox 303 1747 396 1799; x_wconf 86' lang='lat' dir='ltr'><strong>jam</strong></span> <span class='ocrx_word' id='word_1_201' title='bbox 418 1760 491 1786; x_wconf 92' lang='lat' dir='ltr'><strong>om</strong></span> <span class='ocrx_word' id='word_1_202' title='bbox 500 1745 630 1788; x_wconf 90' lang='lat' dir='ltr'><strong>nibus</strong></span> <span class='ocrx_word' id='word_1_203' title='bbox 658 1745 715 1787; x_wconf 87' lang='lat' dir='ltr'><strong>ad</strong></span> <span class='ocrx_word' id='word_1_204' title='bbox 738 1745 786 1787; x_wconf 88' lang='lat' dir='ltr'><strong>id</strong></span> <span class='ocrx_word' id='word_1_205' title='bbox 807 1746 981 1788; x_wconf 90' lang='lat' dir='ltr'><strong>bellum</strong></span> <span class='ocrx_word' id='word_1_206' title='bbox 999 1747 1192 1802; x_wconf 76' lang='lat' dir='ltr'><strong>paratis,</strong></span> <span class='ocrx_word' id='word_1_207' title='bbox 1220 1746 1352 1808; x_wconf 76' lang='lat' dir='ltr'><strong>ludqs</strong></span> 
     </span>
     <span class='ocr_line' id='line_1_32' title="bbox 179 1800 1353 1857; baseline 0.003 -19"><span class='ocrx_word' id='word_1_208' title='bbox 179 1809 370 1850; x_wconf 84' lang='lat' dir='ltr'><strong>magnos</strong></span> <span class='ocrx_word' id='word_1_209' title='bbox 401 1814 458 1840; x_wconf 85' lang='lat' dir='ltr'><strong>ex</strong></span> <span class='ocrx_word' id='word_1_210' title='bbox 489 1801 663 1842; x_wconf 80' lang='lat' dir='ltr'><strong>senatus</strong></span> <span class='ocrx_word' id='word_1_211' title='bbox 687 1800 884 1842; x_wconf 82' lang='lat' dir='ltr'><strong>consulto</strong></span> <span class='ocrx_word' id='word_1_212' title='bbox 912 1806 1041 1843; x_wconf 81' lang='lat' dir='ltr'><strong>vovit</strong></span> <span class='ocrx_word' id='word_1_213' title='bbox 1060 1800 1184 1855; x_wconf 77' lang='lat' dir='ltr'><strong>Veiis</strong></span> <span class='ocrx_word' id='word_1_214' title='bbox 1211 1808 1353 1857; x_wconf 75' lang='lat' dir='ltr'><strong>capus</strong></span> 
     </span>
     <span class='ocr_line' id='line_1_33' title="bbox 178 1851 1352 1910; baseline 0.001 -16"><span class='ocrx_word' id='word_1_215' title='bbox 178 1851 225 1894; x_wconf 82' lang='lat' dir='ltr'><strong>se</strong></span> <span class='ocrx_word' id='word_1_216' title='bbox 250 1851 501 1905; x_wconf 80' lang='lat' dir='ltr'><strong>facturum3</strong></span> <span class='ocrx_word' id='word_1_217' title='bbox 542 1854 787 1910; x_wconf 78' lang='lat' dir='ltr'><strong>aedemque</strong></span> <span class='ocrx_word' id='word_1_218' title='bbox 812 1855 1013 1897; x_wconf 86' lang='lat' dir='ltr'><strong>Matutae</strong></span> <span class='ocrx_word' id='word_1_219' title='bbox 1043 1855 1201 1898; x_wconf 83' lang='lat' dir='ltr'><strong>matris</strong></span> <span class='ocrx_word' id='word_1_220' title='bbox 1228 1852 1352 1901; x_wconf 68' lang='lat' dir='ltr'><strong>refe-</strong></span> 
     </span>
     <span class='ocr_line' id='line_1_34' title="bbox 182 1905 1353 1964; baseline 0.003 -19"><span class='ocrx_word' id='word_1_221' title='bbox 182 1910 302 1946; x_wconf 83' lang='lat' dir='ltr'><strong>ctam</strong></span> <span class='ocrx_word' id='word_1_222' title='bbox 326 1905 654 1961; x_wconf 74' lang='lat' dir='ltr'><strong>dedicaturum,</strong></span> <span class='ocrx_word' id='word_1_223' title='bbox 683 1909 775 1962; x_wconf 81' lang='lat' dir='ltr'><strong>jam</strong></span> <span class='ocrx_word' id='word_1_224' title='bbox 797 1916 900 1950; x_wconf 88' lang='lat' dir='ltr'><strong>ante</strong></span> <span class='ocrx_word' id='word_1_225' title='bbox 920 1907 975 1950; x_wconf 86' lang='lat' dir='ltr'><strong>ab</strong></span> <span class='ocrx_word' id='word_1_226' title='bbox 996 1923 1104 1964; x_wconf 83' lang='lat' dir='ltr'><strong>rege</strong></span> <span class='ocrx_word' id='word_1_227' title='bbox 1125 1910 1220 1957; x_wconf 76' lang='lat' dir='ltr'><strong>Ser.</strong></span> <span class='ocrx_word' id='word_1_228' title='bbox 1232 1906 1353 1949; x_wconf 86' lang='lat' dir='ltr'><strong>Tul-</strong></span> 
     </span>
     <span class='ocr_line' id='line_1_35' title="bbox 180 1957 1352 2007; baseline 0.001 -7"><span class='ocrx_word' id='word_1_229' title='bbox 180 1957 247 2000; x_wconf 88' lang='lat' dir='ltr'><strong>lio</strong></span> <span class='ocrx_word' id='word_1_230' title='bbox 269 1959 534 2004; x_wconf 83' lang='lat' dir='ltr'><strong>dedicatam.</strong></span> <span class='ocrx_word' id='word_1_231' title='bbox 589 1962 828 2005; x_wconf 84' lang='lat' dir='ltr'><strong>Profectus</strong></span> <span class='ocrx_word' id='word_1_232' title='bbox 852 1976 956 2004; x_wconf 89' lang='lat' dir='ltr'><strong>cum</strong></span> <span class='ocrx_word' id='word_1_233' title='bbox 973 1964 1176 2007; x_wconf 76' lang='lat' dir='ltr'><strong>exercitu</strong></span> <span class='ocrx_word' id='word_1_234' title='bbox 1195 1961 1250 2003; x_wconf 85' lang='lat' dir='ltr'><strong>ab</strong></span> <span class='ocrx_word' id='word_1_235' title='bbox 1268 1975 1352 2002; x_wconf 85' lang='lat' dir='ltr'><strong>ur-</strong></span> 
     </span>
     <span class='ocr_line' id='line_1_36' title="bbox 178 2011 1352 2072; baseline 0.003 -19"><span class='ocrx_word' id='word_1_236' title='bbox 178 2011 236 2054; x_wconf 89' lang='lat' dir='ltr'><strong>be</strong></span> <span class='ocrx_word' id='word_1_237' title='bbox 263 2014 596 2069; x_wconf 83' lang='lat' dir='ltr'><strong>exspectatione</strong></span> <span class='ocrx_word' id='word_1_238' title='bbox 618 2016 862 2059; x_wconf 86' lang='lat' dir='ltr'><strong>hominum</strong></span> <span class='ocrx_word' id='word_1_239' title='bbox 879 2016 1078 2071; x_wconf 84' lang='lat' dir='ltr'><strong>majore,</strong></span> <span class='ocrx_word' id='word_1_240' title='bbox 1108 2029 1242 2072; x_wconf 84' lang='lat' dir='ltr'><strong>quam</strong></span> <span class='ocrx_word' id='word_1_241' title='bbox 1259 2015 1280 2055; x_wconf 86' lang='lat' dir='ltr'>s</span> <span class='ocrx_word' id='word_1_242' title='bbox 1310 2030 1352 2069; x_wconf 85' lang='lat' dir='ltr'><strong>e,</strong></span> 
     </span>
     <span class='ocr_line' id='line_1_37' title="bbox 179 2065 1354 2128; baseline 0.003 -21"><span class='ocrx_word' id='word_1_243' title='bbox 179 2065 231 2108; x_wconf 84' lang='lat' dir='ltr'><strong>in</strong></span> <span class='ocrx_word' id='word_1_244' title='bbox 254 2079 361 2120; x_wconf 86' lang='lat' dir='ltr'><strong>agro</strong></span> <span class='ocrx_word' id='word_1_245' title='bbox 383 2069 587 2123; x_wconf 89' lang='lat' dir='ltr'><strong>primum</strong></span> <span class='ocrx_word' id='word_1_246' title='bbox 613 2070 841 2128; x_wconf 87' lang='lat' dir='ltr'><strong>Nepefino</strong></span> <span class='ocrx_word' id='word_1_247' title='bbox 863 2084 968 2112; x_wconf 88' lang='lat' dir='ltr'><strong>cum</strong></span> <span class='ocrx_word' id='word_1_248' title='bbox 991 2069 1174 2112; x_wconf 83' lang='lat' dir='ltr'><strong>Faliscis</strong></span> <span class='ocrx_word' id='word_1_249' title='bbox 1197 2076 1241 2111; x_wconf 83' lang='lat' dir='ltr'><strong>et</strong></span> <span class='ocrx_word' id='word_1_250' title='bbox 1301 2084 1354 2110; x_wconf 85' lang='lat' dir='ltr'><strong>a·</strong></span> 
     </span>
     <span class='ocr_line' id='line_1_38' title="bbox 178 2120 1352 2176; baseline 0.003 -15"><span class='ocrx_word' id='word_1_251' title='bbox 178 2120 417 2176; x_wconf 82' lang='lat' dir='ltr'><strong>penatibus</strong></span> <span class='ocrx_word' id='word_1_252' title='bbox 437 2123 559 2176; x_wconf 85' lang='lat' dir='ltr'><strong>figna.</strong></span> <span class='ocrx_word' id='word_1_253' title='bbox 578 2125 770 2167; x_wconf 64' lang='lat' dir='ltr'><strong>confert.</strong></span> <span class='ocrx_word' id='word_1_254' title='bbox 818 2123 991 2167; x_wconf 84' lang='lat' dir='ltr'><strong>Omnia</strong></span> <span class='ocrx_word' id='word_1_255' title='bbox 1002 2123 1066 2174; x_wconf 81' lang='lat' dir='ltr'><strong>ibi</strong></span> <span class='ocrx_word' id='word_1_256' title='bbox 1083 2126 1257 2166; x_wconf 79' lang='lat' dir='ltr'><strong>summa</strong></span> <span class='ocrx_word' id='word_1_257' title='bbox 1273 2137 1352 2166; x_wconf 88' lang='lat' dir='ltr'><strong>ra·-</strong></span> 
     </span>
     <span class='ocr_line' id='line_1_39' title="bbox 181 2173 1348 2275; baseline 0.002 -57"><span class='ocrx_word' id='word_1_258' title='bbox 181 2173 308 2218; x_wconf 84' lang='lat' dir='ltr'><strong>tione</strong></span> <span class='ocrx_word' id='word_1_259' title='bbox 337 2176 606 2235; x_wconf 73' lang='lat' dir='ltr'><strong>confilioque</strong></span> <span class='ocrx_word' id='word_1_260' title='bbox 639 2186 736 2222; x_wconf 85' lang='lat' dir='ltr'><strong>acta</strong></span> <span class='ocrx_word' id='word_1_261' title='bbox 769 2176 1142 2235; x_wconf 59' lang='lat' dir='ltr'><strong>fortunaetiam,</strong></span> <span class='ocrx_word' id='word_1_262' title='bbox 1187 2186 1249 2275; x_wconf 76' lang='lat' dir='ltr'><strong>tut</strong></span> <span class='ocrx_word' id='word_1_263' title='bbox 1273 2176 1348 2227; x_wconf 83' lang='lat' dir='ltr'><strong>fit,</strong></span> 
     </span>
     <span class='ocr_line' id='line_1_40' title="bbox 1208 2246 1414 2291; baseline -0.005 -16"><span class='ocrx_word' id='word_1_264' title='bbox 1208 2246 1352 2290; x_wconf 76' lang='lat' dir='ltr'><strong>equu—</strong></span> <span class='ocrx_word' id='word_1_265' title='bbox 1409 2287 1414 2291; x_wconf 68' lang='lat'><em>,</em></span> 
     </span>
    </p>
   </div>
  </div>
 </body>
</html>
