1436 2462
390 90 510 128 mv.
531 91 573 124 c.
595 78 690 125 523.
747 81 805 134 A&
819 90 863 123 c.
882 76 980 126 451.
1100 98 1105 107 =
1192 89 1278 133 301

92 201 205 254 fite
221 203 279 249 ab
300 203 487 249 tribuno
507 203 708 247 consules
722 235 735 258 ‚
766 211 812 247 et
829 201 937 262 (qno
956 202 1061 260 quid
1085 203 1277 249 ulterius

88 261 280 322 pivato
315 259 575 303 timendum
605 258 791 318 forest)
843 260 895 302 in
921 260 1108 302 vincula
1133 259 1278 303 *etiam

91 314 208 361 duci
229 347 231 349 -
261 315 415 359 offent.
455 315 590 368 Sors,¹
604 321 653 356 ut
665 313 931 357 dictatorem
945 313 1130 368 diceret,
1151 311 1279 371 (nam

92 384 158 416 ne
187 330 258 414 ΜΡ
271 369 459 426 quidem
493 368 614 412 inter
642 369 856 465 conlegas
891 367 1189 428 convenerat)
1218 369 1279 414 T.

92 425 321 482 Quinctio
345 423 518 466 evenit.v
568 423 612 466 Is
633 421 773 466 Α.Ρο
792 423 990 465 tumium
1006 424 1280 472 Tubertum,

89 483 306 525 ⁷socerum
330 479 483 530 suum,
511 472 775 520 sevet-isfimi
800 478 985 536 imperii
1008 478 1178 531 virum,
1207 477 1280 522 di·-

93 541 324 580 ‘metatorem
350 531 489 576 dixit:
519 525 574 575 ab
595 547 648 574 eo
665 531 723 575 L.
743 532 893 575 Julius
917 533 1127 588 magister
1145 534 1278 591 equi-

89 597 194 632 tum
226 590 286 631 est
312 587 472 643 dictus.
555 586 704 630 Simul
734 586 928 630 edicitur
962 595 1007 628 et
1035 586 1275 642 justitium:

90 657 245 700 neque
275 641 402 686 aliud
426 644 522 685 tota
543 640 668 686 Vrbe
704 642 800 696 agi,
839 655 974 698 quam
1000 641 1173 692 bellum
1193 643 1277 684 ad·-

64 698 275 757 'pm'arit
333 697 534 753 cognitio
571 697 833 740 vacantium
861 696 1055 738 militiae
1083 710 1277 739 munere

90 752 191 811 post
211 752 388 796 bellum
415 750 642 808 differtur.
697 749 768 794 Ita
793 750 919 793 dubii
943 764 1120 806 quoque
1140 751 1277 794 incli-

90 814 208 850 nant
228 806 287 848 ad
306 805 499 849 nomina
525 805 689 847 danda.
745 806 807 849 Et
831 805 1049 848 Hernicis
1072 805 1278 848 Latinis-

94 875 184 918 que
206 861 378 904 milites
395 860 625 917 imperati.
691 860 936 917 Vtrimque
961 859 1098 902 enixe
1119 859 1278 903 obedi-

91 923 193 959 tum
212 911 425 958 dictatori
445 914 518 956 est.
747 933 750 936 ⁴

91 988 95 994 ·
203 969 412 1013 XXVII.
469 969 599 1012 Haec
634 967 793 1011 omnia
832 965 1065 1011 celeritate
1097 969 1277 1025 ingenti

91 1033 220 1068 acta:
267 1018 521 1080 relictoque
559 1023 611 1066 C.
647 1022 770 1064 Julio
801 1023 984 1064 consule
1016 1023 1074 1065 ad
1102 1027 1276 1083 praefi-

91 1080 224 1122 dium
240 1078 407 1132 Vrbis,
441 1083 488 1119 et
512 1077 570 1120 L.
587 1077 711 1120 Julio
738 1076 952 1132 magistro
983 1078 1189 1134 equitum
1216 1078 1276 1120 ad

91 1134 240 1176 subita
263 1132 375 1176 belli
395 1131 668 1183 ministeria,
698 1146 756 1173 ne
775 1142 866 1188 qua
885 1146 980 1185 res,
1010 1144 1101 1189 qua
1121 1133 1275 1188 eguis-

87 1189 259 1232 sentin
281 1187 458 1242 castris,
486 1192 766 1240 moraretur,
795 1186 1015 1239 dictator,
1043 1202 1272 1246 praeeun-

87 1251 135 1286 te
145 1243 205 1286 A.
216 1237 437 1286 Cornelio
487 1241 670 1284 ontifice
686 1239 911 1294 maximO,
931 1241 1064 1286 ludos
1079 1254 1152 1286 ma
1189 1257 1272 1285 nos

88 1298 313 1341 tumultus
351 1311 433 1338 cau
455 1311 482 1338 a
511 1300 658 1338 vovit:
697 1294 1021 1353 profectusque
1044 1297 1098 1340 ab
1173 1298 1270 1351 rbe,

91 1352 234 1395 diviso
261 1364 367 1394 cum
387 1350 607 1407 Quinctio
625 1350 807 1392 consule
832 1352 1064 1405 exercitu,
1101 1351 1160 1395 ad
1182 1351 1272 1396 ho-

85 1407 169 1449 stes
191 1405 418 1464 pervenit.
451 1437 454 1439 ‡
483 1405 610 1448 Sicut
629 1405 735 1447 bina
754 1405 894 1447 castra
910 1405 1101 1450 hostium
1119 1437 1131 1459 ‚
1159 1422 1272 1465 par-

86 1476 146 1504 vo
173 1461 295 1503 inter
318 1460 361 1502 se
382 1460 524 1518 spatio
547 1458 765 1512 distantia,
796 1459 1021 1513 viderant,
1053 1463 1133 1519 ipsi
1153 1477 1272 1518 quo-

87 1530 176 1573 que
199 1515 325 1558 mille
346 1513 495 1558 ferme
521 1516 668 1573 paffus
689 1514 744 1556 ab
768 1514 891 1557 hoste
907 1547 918 1567 ,
949 1515 1271 1560 dictami-Tus-

85 1571 188 1613 culo
202 1602 214 1624 ,
259 1570 415 1612 consul
435 1569 646 1612 Lanuvio
662 1600 674 1621 ,
717 1569 987 1627 propiorem
1014 1572 1171 1614 locum
1192 1587 1270 1614 ca-

83 1625 182 1666 stris
206 1631 438 1682 ceperunt.
500 1625 570 1666 Ita
590 1627 784 1680 quatuor
804 1625 1044 1676 exercitus,
1075 1626 1270 1671 totidem

85 1681 376 1721 munimenta
409 1678 652 1735 planitiem
676 1677 726 1719 in
760 1678 939 1730 medio,
985 1694 1081 1722 non
1109 1683 1267 1738 parvis

84 1734 225 1775 modo
249 1733 590 1775 excurhonibus
608 1730 664 1774 ad
686 1733 879 1789 proelia,
912 1733 985 1775 sed
1008 1736 1082 1777 vel
1102 1735 1160 1778 ad
1180 1751 1268 1780 ex-

119 1788 320 1830 licandas
349 1786 582 1843 utrimque
609 1787 728 1829 acies
758 1787 860 1829 satis
885 1795 1141 1845 patentem,
1179 1790 1267 1833 ha-

80 1801 260 1885 iiebant.
334 1844 461 1894 Nec,
510 1857 570 1884 ex
604 1857 692 1898 quo
727 1841 876 1884 castris
921 1843 1058 1885 castra
1086 1846 1268 1889 conlata

82 1897 200 1945 sunt,
230 1899 442 1940 ceffatum
459 1911 487 1938 a
505 1896 680 1940 levibus
701 1896 890 1955 proeliis
913 1898 995 1949 est3
1026 1898 1160 1942 facile
1179 1915 1267 1959 pa-

82 1951 224 1995 tiente
252 1952 473 1994 dictatore
490 1983 503 2004 ‚
544 1950 825 1994 conferendo
857 1951 977 1994 vires
1004 1954 1130 2010 spem
1156 1957 1268 1998 uni-

81 2009 239 2050 versae
258 2006 495 2058 victoriae,
522 2012 694 2050 tentato
708 2006 946 2064 paullatim
972 2018 1140 2052 eventu
1162 2025 1267 2052 cer-

81 2061 307 2105 taminum
325 2092 339 2111 ‚
397 2064 494 2104 suos
530 2061 813 2119 praecipere.
898 2062 1054 2119 Itaque
1095 2063 1267 2119 hostes,

78 2116 210 2158 nulla
228 2118 277 2159 in
292 2117 477 2175 'proelio
495 2116 608 2172 justo
637 2117 795 2160 relicta
817 2115 916 2174 spe,
957 2125 1095 2160 noctu
1114 2119 1267 2162 adorti

79 2171 220 2213 castra
239 2172 462 2224 consulis,
492 2185 610 2216 rem
627 2173 677 2214 in
707 2171 858 2214 casum
882 2172 1094 2229 ancipitis
1123 2189 1266 2219 even-

78 2228 149 2268 tus
169 2227 476 2272 committunt.
524 2227 712 2270 Clamor
730 2225 875 2270 subito
893 2235 1017 2270 ortus
1041 2242 1137 2272 non
1148 2244 1263 2327 (ἓοίιὶ-

1177 2298 1204 2326 u
1227 2299 1265 2325 ·s
