1436 2462
330 133 333 135 q
365 75 418 110 Α.
439 71 490 107 v.
512 73 555 105 c.
577 59 677 108 435.
735 71 785 105 A.
815 73 857 106 c.
879 61 975 121 ὄις.
1087 58 1090 66 ”
1193 67 1284 123 ⁶41

27 203 35 211 ·
81 187 188 242 inde
226 185 371 231 Antio
405 194 464 232 at,
486 200 540 228 ue
573 183 709 229 Ostiis
743 190 874 228 tenus
902 185 1153 241 Samnites,
1199 195 1278 237 aut

81 243 225 286 socios
251 241 427 284 validos
498 240 703 294 omanis,
748 247 826 282 aut
848 239 1018 284 fractos
1048 242 1166 286 bello
1196 244 1275 287 in-

80 297 270 349 veniffet
291 296 451 338 hostes.
508 295 533 338 I.
569 295 609 336 fe
632 294 872 350 trajecisset
897 309 1026 338 mare
1059 311 1164 340 cum
1188 313 1273 342 ve-

81 352 255 396 teranis
278 349 520 394 Macedoni
557 364 632 403 us,
663 364 757 391 non
775 348 882 405 plus
913 350 1103 406 tri'ginta
1119 353 1269 396 milli-

79 405 164 451 bus
198 405 443 448 hominum
477 411 521 447 et
555 410 750 460 quatuor
791 403 998 447 millibus
1034 406 1267 462 equitum,

75 463 283 504 maxime
303 458 647 502 Thess'alorum:
685 456 772 499 hoc
802 459 926 500 enim
949 459 1128 502 roboris
1151 472 1268 508 erat.

76 515 236 568 Persas
255 547 267 567 ,
308 513 472 567 Indos,
513 513 713 567 aliasque
742 513 771 552 Γι
798 511 1069 568 adjunxiffet
1090 525 1267 571 gentes,

75 567 448 627 inpedimentum
470 568 638 622 majus,
669 580 807 622 quam
829 567 1080 622 auxilium,
1110 571 1267 615 trahe-

76 632 164 667 ret.
219 621 380 675 Adde,
417 620 538 678 quod
567 621 792 663 Romanis
825 620 882 662 ad
917 636 1108 666 manum
1137 625 1267 670 domi

77 677 443 737 subplementum
469 677 594 719 effet:
624 673 923 726 Alexandro,
955 674 1095 734 (quod
1111 682 1267 734 postea

76 730 331 778 Hannibali
363 730 559 795 adcidit)
600 728 751 771 alieno
794 731 846 772 in
890 744 1000 786 agro
1047 732 1264 790 bellanti,

78 785 308 830 exercitus
333 785 641 827 consenmffet.
708 783 885 838 Arma,
916 785 1106 843 clypeus
1135 789 1268 834 saris-

72 843 238 897 saeque
257 840 348 882 illis
360 855 375 891 3
413 838 628 882 Romano
647 839 853 891 scutum,
893 848 1043 896 majus
1076 843 1266 900 corpori

76 902 418 951 tegumentum,
457 901 502 936 et
527 894 701 951 pilum,
747 891 870 934 haud
897 895 1084 950 paullo,
1124 911 1265 953 quam

74 949 222 1002 hasta,
252 947 569 990 vehementius
587 947 686 990 ictu
706 947 930 1002 miffuque
952 949 1113 992 telum.
1157 952 1265 995 Sta·-

76 1005 220 1047 tarius
242 1010 435 1059 uterque
455 1002 613 1054 miles,
643 1001 829 1043 ordines
863 1001 1071 1045 servans:
1103 1004 1178 1047 sed
1200 1007 1263 1050 il-

74 1058 122 1110 la
141 1057 347 1116 phalanx
369 1056 606 1098 inmobilis
628 1062 673 1096 et
692 1057 828 1097 unius
846 1056 1052 1110 generis:
1082 1059 1263 1103 Roma-

73 1127 135 1157 na
163 1112 281 1161 acies
304 1109 569 1159 distinctior,
601 1123 661 1151 ex
686 1109 896 1165 pluribus
917 1112 1123 1166 partibus
1145 1129 1262 1157 con-

74 1167 219 1217 stans3
249 1163 396 1217 facilis
415 1163 636 1220 partienti
650 1193 663 1216 ,
694 1177 980 1220 quacumque
998 1180 1114 1223 opus
1137 1169 1259 1224 estet,

74 1220 223 1264 facilis
247 1217 468 1274 jungenti.
525 1217 627 1269 Jam
654 1217 704 1260 in
739 1231 881 1272 opere
912 1219 1014 1274 quis
1042 1235 1129 1278 par
1160 1223 1261 1266 Ro-

73 1285 213 1320 mano
247 1272 414 1315 miles?
474 1271 574 1327 quis
612 1270 668 1313 ad
716 1272 1009 1316 tolerandum
1051 1276 1261 1322 laborem

70 1329 242 1374 melior
257 1328 278 1370 ‘2
315 1326 422 1371 Vno
446 1325 627 1382 proelio
657 1325 804 1368 victus
835 1326 1106 1371 Alexander
1135 1331 1258 1375 bello

72 1384 221 1427 victus
237 1381 357 1424 effet.
413 1380 692 1432 Romanum,
708 1394 843 1435 quem
857 1380 1100 1438 Caudium,
1120 1399 1261 1441 quem

74 1438 260 1482 cannae
289 1450 384 1478 non
416 1431 682 1489 fregerunt,
734 1448 848 1489 quae
873 1432 1074 1492 fregiss'et
1104 1441 1260 1484 acies?

73 1492 179 1538 Nae
204 1491 284 1535 ille
315 1491 472 1546 saepeg,
516 1487 684 1530 etiamn
718 1488 871 1547 prima
934 1493 1118 1548 rospere
1148 1509 1261 1537 eve-

71 1547 266 1599 niffent„
313 1545 472 1587 Persas
516 1550 560 1584 et
591 1543 731 1586 Indos
766 1549 811 1585 et
847 1543 895 1585 in
930 1545 1068 1589 ellem
1099 1544 1261 1592 Aliam

107 1601 328 1653 memet,
374 1606 419 1640 et
446 1611 551 1640 cum
586 1594 772 1640 feminis
807 1597 886 1639 fibi
923 1599 1095 1643 bellum
1127 1601 1257 1646 suiffe

73 1615 274 1705 :lixiss‘etz
305 1652 427 1710 quod
438 1651 572 1709 Epiri
591 1665 748 1707 regem
759 1651 1101 1709 Alexandrum,
1124 1670 1258 1701 mor-

70 1709 209 1754 tifero
241 1709 432 1751 vulnere
459 1705 626 1758 ictum,
667 1706 825 1748 dixiffe
860 1705 1041 1760 ferunt,
1087 1712 1256 1756 sortem

71 1763 303 1808 bellorum
328 1761 377 1804 in
395 1761 505 1804 >Ana
527 1760 752 1816 gestorum
781 1760 835 1802 ab
862 1760 950 1804 hoc
970 1762 1068 1820 ipso
1086 1766 1256 1820 juvene

70 1834 177 1862 cum
203 1820 280 1860 sua
303 1814 627 1860 conferentem.
705 1814 959 1872 Equidem,
997 1833 1139 1874 quum
1165 1834 1254 1876 per

70 1888 215 1922 annos
242 1878 437 1929 quatuor
472 1877 516 1912 et
548 1869 712 1925 viginti
736 1870 891 1927 primo
922 1871 1099 1915 Punico
1131 1873 1254 1917 bello

70 1926 278 1970 classibus
308 1932 530 1968 certatum
558 1939 661 1966 cum
694 1925 860 1967 Poenis
894 1925 1136 1981 recordor,
1173 1929 1258 1972 vix

71 1988 267 2024 aetatem
290 1979 548 2023 Alexandri
577 1979 879 2021 subfecturam
913 1979 1041 2023 fuiffe
1066 1998 1173 2025 reor
1197 1980 1256 2025 ad

71 2050 218 2078 unum
238 2035 423 2078 bellum.
490 2035 550 2077 Et
569 2031 751 2076 forfitan
767 2063 780 2086 ‚
811 2048 952 2090 quum
977 2044 1022 2079 et
1049 2035 1255 2080 foederi-

70 2088 156 2133 bus
186 2091 365 2132 vetustis
386 2090 539 2143 juncta
561 2088 734 2131 Punica
759 2101 832 2130 res
861 2087 1100 2134 Romanae
1132 2093 1261 2145 esset,

71 2151 117 2187 et
138 2146 280 2187 timor
297 2159 381 2201 par
398 2143 611 2186 adversus
631 2157 925 2186 communem
945 2144 1116 2188 hostem
1141 2145 1254 2194 duas

69 2200 399 2259 potentil'fimas
444 2198 586 2243 armis
620 2197 825 2253 virisque
861 2198 997 2244 urbes
1029 2208 1259 2252 armaret,

129 2271 240 2305 mun.
261 2273 299 2303 e.
312 2270 340 2304 1.
717 2251 780 2296 Ss
1125 2253 1256 2298 fimul
