1436 2462
220 76 303 136 ⁶⁵⁶
386 86 778 130 mvn-cumn
808 89 880 124 lx.
934 80 1248 128 cAr.·5o.51.

253 197 344 241 uod
381 197 599 242 traditum
636 198 881 254 antiquitus
919 208 1038 254 erat,
1088 217 1223 261 aegre
1251 204 1394 263 paffl,·-·

269 251 369 295 ibur
388 268 480 294 uno
502 253 682 308 agmine
698 253 928 297 abierunt:
965 255 1148 306 adeolut
1170 273 1308 302 nemo
1335 260 1388 304 in

218 306 345 352 Vrbe
373 308 496 359 estet,
543 307 619 363 qui
651 306 876 350 sacrificiis
901 310 1197 367 praecineret.
1274 314 1388 368 Ejus

219 362 291 405 rei
321 361 482 417 religio
511 361 656 403 tenuit
690 362 918 414 senatum3
959 359 1392 428 legatosqu§,.Tibur

217 416 462 469 miserunt,
504 422 554 456 ut
587 415 747 456 darent
773 429 984 471 operam,
1029 425 1081 460 ut
1101 418 1152 462 ln
1178 417 1388 470 hemines

218 469 442 513 Romanis
475 469 829 510 restituerentur.
902 469 1156 526 Tiburtini,
1194 468 1389 532 benigne

217 524 437 582 polliciti,
465 523 672 580 primum
697 522 866 565 adcitos
891 538 967 566 eos
1001 525 1051 568 in
1073 526 1248 569 curiam
1271 519 1389 578 lior-

219 578 301 620 tati
326 578 439 630 sunt,
468 577 536 618 uti
558 578 1131 626 reverterenturRomam:
1159 578 1394 637 postquam

218 632 418 689 perpelli
441 631 709 726 nequibant,
739 631 944 683 confilio,
974 632 1095 675 haud
1117 634 1392 679 abhorrente

220 685 274 727 ab
298 685 492 741 ingeniis
531 685 779 735 mminum,
810 699 885 726 eos
909 685 962 726 ad
997 687 1252 730 rediuntur·
1299 689 1391 732 Die

216 739 325 785 festo
345 739 423 782 alii
445 739 557 781 alios
577 753 662 795 per
682 738 871 794 speciem
891 699 1263 784 celegbrandamun
1282 756 1394 788 can-

219 803 270 838 tu
298 793 538 852 epularum
575 794 705 834 causa
734 792 955 846 invitant,
1006 801 1049 836 et
1079 795 1214 849 vino,
1262 796 1391 852 cujus

219 848 406 890 avidum
434 847 591 895 §ferme
627 859 767 900 genus
806 846 886 899 est,
941 856 1151 891 oneratos
1185 849 1392 906 sopiunte.

218 911 351 959 atque
371 902 430 944 ita
449 903 498 943 in
521 901 718 958 plaustra
741 900 897 942 somno
925 901 1101 944 vinctos
1125 904 1388 959 conjiciunt,

214 972 267 999 ac
304 957 502 999 Romam
537 956 792 1011 deportant.
884 954 984 996 Nec
1026 955 1155 1012 prius
1192 958 1397 1012 sensere,

215 1025 379 1066 quam,
417 1010 625 1067 plaustris
658 1009 709 1049 in
736 1007 840 1049 foro
868 1008 1060 1062 relictis,
1096 1010 1259 1066 plenos
1283 1026 1387 1054 cra-

213 1065 351 1124 pulae
374 1079 449 1106 eos
470 1063 553 1105 lux
578 1062 801 1118 obpresfit.
867 1062 999 1104 Tunc
1032 1065 1274 1107 concursus
1296 1078 1387 1120 po-⁶

211 1119 312 1177 puli
331 1116 472 1160 factus
489 1149 501 1168 ‚
537 1117 877 1176 inpetratoque3
925 1123 977 1156 ut·
1001 1125 1264 1177 rna-merent,
1306 1119 1390 1160 da·-

212 1182 336 1226 tum,
366 1179 416 1213 ut
430 1171 637 1213 triduum
659 1177 900 1223 quotanms
922 1176 1091 1222 ornati,
1121 1183 1225 1212 cum
1248 1180 1386 1214 cantu

213 1235 346 1283 atque
371 1225 479 1277 hac,
520 1239 633 1280 quae
661 1237 783 1263 nunc
811 1221 1042 1264 sollemnis
1073 1223 1156 1276 est,
1200 1223 1385 1268 licentia

209 1295 295 1337 per
316 1279 488 1322 Vrbem
509 1282 807 1333 vagarentur:
836 1276 1178 1331 restitutumque
1203 1277 1253 1319 in
1273 1278 1394 1324 aede,

212 1333 423 1376 vescendi
441 1333 511 1387 jus
530 1332 602 1383 iis,
632 1331 709 1386 qui
730 1331 862 1370 sacris
884 1329 1214 1386 praecinerent.
1258 1332 1389 1375 Haeo

209 1390 332 1432 inter
363 1385 561 1428 duorum
587 1382 844 1440 ingentium
869 1383 1095 1426 bellorum
1119 1398 1276 1428 curam
1303 1399 1387 1442 ge·-

204 1443 438 1488 rebantur.

316 1494 501 1539 XXXI.
533 1491 748 1535 Consules
769 1490 888 1534 inter
911 1491 954 1534 se
981 1490 1241 1550 prov—incias
1269 1505 1382 1549 par-

206 1549 304 1604 tit13
342 1551 478 1593 Junio
506 1546 755 1599 Samnites,
779 1546 982 1590 Aemilio
1010 1561 1180 1588 novum
1206 1545 1382 1598 bellum.

206 1605 393 1651 Etruria
424 1603 539 1644 sorte
569 1601 766 1643 obvenit.
840 1600 895 1643 In
925 1599 1111 1642 Samnio
1143 1599 1380 1654 Cluviam,

208 1658 481 1720 praesidium
501 1656 784 1706 Romanum,
815 1655 919 1710 quia
942 1655 1211 1709 nequiverat
1229 1656 1276 1697 vi
1298 1670 1379 1697 ca-

205 1716 281 1773 pi,
320 1713 534 1755 obselrum
569 1710 690 1751 fame
718 1710 766 1750 in
796 1709 1073 1750 deditionem
1107 1706 1388 1766 adceperant-

207 1768 456 1818 Samnites,
503 1763 854 1819 verberibusque
885 1762 1073 1804 foedum
1104 1761 1154 1804 in
1188 1762 1379 1805 modum.

203 1826 424 1868 laceratos
454 1817 717 1860 obeiderant
753 1816 937 1858 deditos.
1015 1815 1138 1857 Huic
1171 1815 1371 1859 infensus

204 1874 459 1920 crudelitati
473 1872 659 1920 huius,
690 1871 807 1912 nihil
822 1869 1046 1926 antiquius
1069 1870 1190 1927 obpu
1224 1871 1374 1912 natio·-

201 1946 261 1976 ne
291 1928 510 1971 Cluviana
533 1934 655 1968 ratus
672 1957 683 1977 ,
712 1940 800 1981 quo
823 1924 895 1967 die
915 1924 970 1965 ad
1003 1924 1138 1965 reffus
1160 1938 1184 1965 e
1201 1933 1219 1963 t
1237 1938 1370 1966 moe-

201 1987 303 2037 nia,
335 1983 379 2023 vi
402 1983 542 2038 cepit,
581 1986 712 2035 atque
734 1994 890 2020 omnes
913 1938 1105 2035 puffieres
1124 1977 1369 2021 interiecit.
1419 1983 1421 1985 ’

199 2038 313 2084 Inde
341 2035 488 2077 victor
518 2033 740 2076 exercitus
765 2032 1021 2074 Bovianum
1047 2030 1220 2074 ductus.
1279 2031 1371 2074 Ca·-

236 2101 284 2135 ut
316 2090 404 2137 hoc
437 2096 534 2130 erat
563 2089 837 2130 Pentrorum
877 2085 1177 2136 Samnitium,
1230 2083 1369 2139 longe

199 2146 462 2192 ditissimum
490 2150 622 2197 atque
651 2157 677 2182 o
715 2140 1033 2183 uientisfimum
1060 2140 1198 2181 armis
1229 2138 1370 2181 viris-

199 2216 300 2262 que.
353 2198 424 2244 Ibi
444 2196 549 2255 quia
576 2194 667 2238 hau
720 2201 897 2239 tantum
930 2194 1106 2240 irarum
1127 2191 1365 2304 eratbrglge
