1436 2462
242 94 309 137 a..
323 92 436 130 m.
456 76 684 137 5871588,
731 87 781 122 t.
800 89 844 123 α
868 75 964 137 567.
984 75 1083 126 566.
1192 88 1276 137 481

81 238 130 264 οι)
191 207 355 261 XLII.
403 204 568 251 Oratio
594 201 743 260 Appii
776 201 830 244 ad
871 201 917 245 id
950 201 1092 246 modo
1118 202 1280 261 valuit,

23 289 30 294 .
80 271 208 313 11th
256 294 257 297 ,
291 277 346 305 us
373 262 663 316 rogationum
699 256 1003 312 jubendarum
1039 257 1280 315 profere-

85 323 186 365 tin-³⁸>
279 316 412 360 efecti
438 313 665 364 decimum
698 311 839 354 iidem
859 312 1061 364 tribuni,
1093 314 1280 366 Sextius

82 366 384 423 et'Licinius,
424 369 480 411 de
505 367 777 415 decemviris
807 367 1040 408 sacrorum
1065 383 1122 411 ex
1178 377 1276 412 arte

80 426 140 479 de
176 427 309 486 plebe
345 419 554 472 creandis
595 421 744 477 legem
778 420 1026 477 pertulere.
1159 423 1275 466 reati

79 483 287 540 quinque
318 481 532 528 Petrum,
580 479 782 532 quinque
815 475 988 532 plebis:
1037 477 1274 534 graduque

80 552 136 580 eo
177 537 270 592 jam
315 535 391 576 via
435 531 554 584 fiacta
594 530 652 572 ad
693 530 976 572 consulatum
1017 530 1275 575 videbatur.

78 590 182 636 Hac
218 588 415 632 victoria
454 591 665 634 contenta
734 584 857 627 lebes
893 584 1016 630 cessit
1045 586 1271 642 Patribus,

82 653 158 695 ut,
197 643 246 687 in
275 640 532 701 praesentia
565 599 807 682 εοιιΐυῗυιη
833 639 1070 681 mentime
1099 641 1272 696 omissa,

80 698 253 744 tribuni
284 696 490 740 militum,
516 701 799 736 crearentur.
867 693 1019 736 Creati
1049 694 1108 738 A.
1135 703 1182 737 et
1203 697 1269 739 Μ.

82 751 291 800 Cornelii
318 751 512 800 iterum,
561 748 628 791 M.
655 747 914 802 Geganiu3‚
962 749 1013 791 P.
1038 749 1269 806 Manlius,

78 808 138 852 L.
154 806 390 858 Veturius,
410 805 460 848 P.
471 802 684 848 Valerius
708 804 899 845 sextum.
962 801 1121 857 Quum
1133 818 1274 861 prae-

78 871 152 906 ter
181 860 468 905 Velitrarum
497 856 802 909 oblidiouem,
840 855 961 899 tardi
990 857 1138 913 magis
1167 875 1270 904 rem

81 917 258 969 exitus,
288 929 425 970 quam
445 911 597 965 dubii,
636 911 811 968 quietae
832 919 1051 954 externae
1075 927 1146 954 res
1168 914 1269 956 Ro-

80 971 233 1016 manis
251 971 415 1023 essent5
445 967 571 1010 fama
592 980 758 1063 reffins
788 966 899 1007 belli
922 965 1094 1023 Gallici
1122 967 1272 1013 adlata

80 1023 292 1083 perpulit
307 1023 554 1075 civitatem,
586 1029 638 1063 ut
709 1018 901 1062 .Furius
918 1018 1115 1062 dictator
1134 1023 1273 1077 quin-

81 1087 182 1122 tum
207 1078 452 1121 diceretur.
507 1079 551 1121 Is
573 1076 630 1118 T.
645 1072 915 1130 Quinctium
937 1073 1144 1116 Pennum
1168 1092 1272 1119 ma..

81 1133 269 1190 gistrum
291 1131 498 1188 equitum
527 1129 657 1172 dixit.
726 1127 952 1170 Bellatum
982 1143 1088 1171 cum
1120 1130 1270 1175 Gallis

81 1203 137 1231 eo
148 1202 266 1233 anno
289 1185 654 1235 circaAnienem
671 1181 862 1240 flumen,
886 1189 1046 1224 auctor
1057 1183 1117 1225 est
1127 1184 1271 1230 Clau,-

82 1242 211 1285 dius·
251 1240 562 1296 inclutamque
585 1239 636 1281 in
656 1245 798 1295 ponte
825 1251 1052 1294 pugnam,
1092 1253 1178 1295 qua
1207 1243 1264 1286 Τ,

80 1271 283 1342 Manlius¹
312 1294 501 1338 Gallum
516 1326 528 1347 ,
557 1306 664 1336 cum
687 1307 777 1349 quo
802 1299 1077 1349 provocatus
1099 1309 1266 1340 manus

80 1351 334 1402 conseruit,
370 1349 436 1392 rin
465 1351 708 1405 conspectu
740 1345 937 1389 duorum
976 1349 1267 1394 exercituum

80 1404 258 1451 caesum
282 1412 443 1460 torque
465 1402 689 1460 spoliavit,
718 1408 816 1442 tum
836 1409 1101 1457 pugnatam.
1155 1405 1267 1448 Plu-

79 1458 208 1504 ribus
237 1457 498 1502 auctoribus
531 1457 676 1511 magis
709 1455 939 1509 adducor,
986 1463 1038 1497 ut
1065 1458 1266 1514 credam,

80 1513 238 1556 decem
271 1507 393 1556 haud
422 1511 576 1554 minus
607 1510 706 1568 post
739 1525 883 1552 annos
915 1525 967 1551 ea
1002 1519 1125 1554 actae
1176 1513 1266 1558 hoc

79 1576 232 1613 autem
264 1583 385 1610 anuo
417 1567 467 1609 in
490 1566 674 1610 Albano
705 1577 814 1621 agro
846 1579 951 1606 cum
978 1563 1151 1620 Gallis,
1192 1569 1267 1612 di..

78 1631 252 1665 ctatore
283 1623 346 1665 M.
368 1621 539 1674 Furio,
578 1623 700 1676 signa
725 1619 918 1662 conlata.
988 1620 1088 1663 Nec
1111 1622 1265 1679 dubia,

79 1692 165 1719 nec
205 1676 401 1720 diffie-ilis
434 1676 655 1718 Romanis
695 1675 990 1730 (quamquam
1030 1674 1267 1731 ingentem

82 1731 209 1773 Gaui
239 1739 465 1774 terrorem
497 1729 725 1775 memoria
761 1729 974 1786 pristinae
1011 1729 1151 1773 cladis
1180 1733 1266 1775 ad-

77 1786 296 1842 tulerant)
325 1785 515 1827 victoria
534 1783 636 1826 fuit.
702 1783 852 1826 Multa
876 1783 1022 1825 millia
1041 1783 1263 1830 barbaro—

79 1854 187 1883 rum
215 1840 263 1882 in
288 1839 408 1891 acie,
438 1839 582 1882 multa
603 1840 744 1896 captis
766 1837 917 1879 castris
941 1839 1087 1881 caesa:
1117 1842 1262 1898 palati

79 1894 186 1947 alii,
228 1894 453 1952 Apuliam
481 1893 684 1935 maxime
713 1900 939 1950 petentes,
980 1907 1124 1949 quum
1151 1896 1264 1952 fuga.

82 1949 127 1990 l'e
147 1949 420 2004 longinqua,
459 1956 559 1990 tum
580 1946 699 2003 quod
730 1946 887 2004 passim
917 1962 993 1989 eos
1026 1948 1155 1991 fimul
1175 1965 1261 2007 pa-

80 2018 170 2046 vor
193 2011 432 2059 terrorque
463 2002 733 2045 distulerant
752 2034 764 2055 ,
804 2001 858 2043 ab
878 2001 1000 2044 hoste
1022 2004 1112 2046 sese
1134 2008 1263 2049 tutati

81 2057 200 2101 sunt.
267 2057 513 2111 Dictatori,
551 2057 767 2098 consensu
790 2056 980 2098 Patrum
1005 2058 1260 2115 plebisque,

81 2111 343 2170 triumphus
393 2111 614 2154 decretus.
716 2111 918 2153 Vixazum
965 2111 1262 2169 perfunctum

80 2181 186 2209 eum
210 2167 328 2209 bello
343 2166 542 2209 atrocior
562 2165 687 2208 domi
709 2164 865 2207 seditio
887 2166 1092 2224 excepit:
1125 2176 1168 2210 et
1178 2183 1265 2226 per

76 2219 282 2278 ingentia
306 2222 557 2265 certamina
588 2221 781 2265 dictator
805 2221 1072 2279 senatusque
1100 2222 1266 2277 victus,

140 2294 174 2327 r.
186 2294 253 2327 ιιυ.
275 2296 313 2327 1³.
325 2293 352 2325 1.
732 2273 821 2318 Η),
1218 2285 1268 2321 ut
