1436 2462
47 102 99 141 A}
123 103 172 139 v.
190 75 607 136 c.·4411442.443.-
631 90 681 129 Α.
702 96 746 129 c.
767 80 864 130 515.
880 82 977 130 512.
996 79 1091 130 ⁹511.
1150 75 1243 139 653

56 206 262 264 fflssiae
299 211 528 272 gerendo,
588 209 707 254 solus
749 209 987 251 censuram
1026 205 1237 254 obtinuit.

55 269 234 317 Eodem
260 268 338 326 Ap
375 269 420 311 io
451 262 662 317 'anctore-2,
698 262 883 318 Potitii,
931 277 1068 318 gens,
1110 265 1251 318 cujus

55 325 112 373 atl
143 339 272 368 aram
295 326 330 367 lv
351 323 554 366 aximam
578 317 794 361 Herculis
825 317 1055 360 familiare
1087 318 1239 360 sacer—-

55 378 234 422 dotium
256 378 432 432 fuerat,
462 378 614 418 servos
633 372 868 430 publicos,
896 372 1135 414 ministerii
1156 372 1240 414 de-
1306 428 1309 430 μ

55 433 244 490 legandi
272 431 424 484 causa,
473 427 710 472 sollemnia
739 426 832 481 ejus
862 426 977 468 sacri
1005 427 1239 470 docuerat.

55 487 283 532 Traditur
309 485 416 530 inde
447 484 573 527 ‘dictu
599 481 838 535 mirabile,
880 489 923 523 et
941 481 1063 538 quod
1085 481 1240 524 dimo·-

55 541 218 585 vendis
251 541 363 583 statu
383 539 466 583 suo
494 537 628 580 sacris
658 535 934 590 religionem
958 537 1108 578 facere
1130 536 1242 593 pos-

56 596 146 648 set,
202 610 343 654 quum
379 593 620 636 duodecim
661 590 864 632 familiae
897 605 949 632 ea
981 591 1243 648 tempestate

55 650 335 694 Potitiorum
361 649 520 701 ess‘ent,
549 646 746 703 puberes
766 644 821 686 ad
839 644 1050 700 triginta,
1081 659 1242 687 omnes

58 707 182 748 intra
200 718 373 747 annum
388 717 494 745 cum
517 701 653 757 stirpe
673 699 937 741 exstinctos:
970 713 1053 741 nec
1069 713 1243 742 nomen

57 766 239 801 tantum
249 757 527 802 Potitiorum
540 754 753 804 interiise,
778 753 850 794 sed
862 756 1092 796 censorem
1106 754 1248 797 etiam

57 812 271 870 Appium
286 844 299 866 ‚
328 811 527 854 memori
546 810 701 853 Deum
723 809 816 863 ira,
844 809 951 867 post*
964 809 1136 866 aliquot
1159 822 1245 851 an-

56 877 143 909 nos
162 866 414 910 luminibus
433 873 630 922 captum.

169 921 333 965 XXX.
377 920 532 992 Itaque
565 919 789 972 consules,
830 919 909 976 qui
941 933 1045 960 eum
1071 931 1243 961 annum

59 975 240 1032 sequuti
266 975 389 1027 sunt,
438 975 488 1017 (ι.
513 974 676 1016 Junius
717 973 947 1015 Bubulcus
975 973 1162 1015 tertium
1199 981 1247 1016 et

63 1029 124 1084 Q.
152 1029 385 1073 Aemilius
404 1028 604 1072 Barbula
618 1028 783 1070 iterum
797 1060 809 1080 ‚
842 1028 975 1074 initio
998 1027 1107 1069 anni
1129 1042 1244 1083 que-

63 1085 118 1127 sti
137 1084 256 1141 apud
281 1084 508 1142 populum
522 1115 534 1130 ,
574 1082 886 1124 deformatum
907 1080 1116 1124 ordinem
1135 1096 1250 1139 pra-

60 1153 123 1181 va
149 1139 348 1180 lectione
378 1138 580 1189 senatus,
625 1149 714 1192 qua
740 1138 944 1192 potiores
978 1136 1154 1193 aliquot
1176 1137 1248 1179 le·-

63 1193 148 1241 etis
177 1190 414 1251 praeteriti
445 1192 583 1233 ess'ent
607 1198 916 1246 negaverunt,
955 1204 1056 1232 eam
1085 1190 1252 1233 lectio·—

68 1259 179 1290 nem
208 1246 276 1297 se,
315 1261 430 1303 quae
457 1246 548 1287 fine
580 1248 693 1288 recti
726 1245 952 1302 pravique
983 1244 1252 1290 discrimine

69 1299 128 1343 ad
157 1302 352 1355 gratiam
377 1315 430 1342 ac
455 1296 698 1342 libidinem
724 1304 843 1342 facta
873 1301 998 1353 estet,
1039 1299 1254 1343 observa-

71 1362 229 1406 tui-033
267 1361 312 1396 et
328 1355 531 1396 senatum
554 1355 787 1411 extemplo
810 1355 1069 1396 citaverunt
1097 1369 1150 1396 eo
1171 1370 1253 1398 or—

71 1409 206 1462 dine,
255 1409 459 1465 quiante
487 1408 696 1450 censores
728 1408 821 1466 Ap.
847 1407 1092 1450 Claudium
1125 1416 1170 1452 et
1199 1411 1251 1454 C.

68 1463 306 1507 Plautium
327 1462 490 1506 fuerat.
545 1463 606 1504 Et
621 1462 710 1504 duo
726 1462 926 1519 imperia
945 1477 998 1504 eo
1026 1477 1146 1504 anno
1168 1462 1252 1508 da-

67 1517 115 1560 ri
147 1525 309 1576 coepta
334 1532 421 1582 Per
451 1516 677 1575 populum
694 1550 708 1572 ,
757 1526 951 1573 utraque
979 1520 1258 1573 pertinentia

73 1571 134 1614 ad
164 1584 265 1614 rem
294 1572 574 1615 mllitarem:
621 1586 796 1624 unum,
840 1579 893 1613 ut
928 1573 1102 1615 tribuni
1126 1574 1259 1617 mili-

74 1634 176 1669 tum
212 1627 306 1668 seni
341 1626 448 1669 deni
478 1627 529 1669 in
565 1634 758 1683 quatuor
787 1627 990 1682 legiones
1025 1641 1051 1668 a
1080 1630 1257 1685 populo

79 1687 373 1732 crearentur3
404 1695 519 1737 quae
537 1689 694 1734 antea,
727 1695 952 1739 perquam
973 1684 1131 1739 paucis
1154 1684 1261 1727 sub-—

77 1733 229 1790 fragio
249 1736 412 1793 populi
432 1737 602 1778 relictis
618 1735 745 1788 locis,
777 1736 1051 1778 dictatorum
1076 1743 1122 1779 et
1145 1751 1261 1781 con—-

81 1790 235 1831 sulum
262 1789 410 1833 ferme
441 1791 621 1832 fuerant
651 1790 884 1832 beneficia.
957 1791 1130 1833 Tulere
1158 1807 1261 1837 eam

76 1843 367 1899 rogationem
394 1844 566 1887 tribuni
584 1845 737 1902 plebei
763 1846 818 1887 L.
839 1844 1027 1898 Atilius,
1058 1846 1258 1890 C.Ma1·-

18 1928 20 1931 v
82 1898 194 1940 cius.
250 1897 490 1952 Alterum,
529 1906 578 1940 ut
601 1899 872 1941 duumviros
899 1901 1082 1942 navales
1111 1901 1256 1945 classis

82 1951 314 1994 ornandae
347 1952 707 2011 reficiendaeque
738 1955 866 1995 causa
896 1955 1021 1997 idem
1056 1958 1259 2013 populus

80 2005 272 2062 Juberet.
339 2007 482 2050 Lator
521 2009 654 2065 hujus
687 2009 910 2066 plebil'citi
943 2009 1031 2051 fuit
1062 2013 1129 2055 M.
1159 2012 1261 2054 De·-

80 2061 178 2102 cius
199 2062 405 2104 tribunus
428 2063 589 2120 plebis.
648 2064 864 2120 Ejusdem
882 2065 991 2106 anni
1014 2079 1114 2108 rem
1138 2066 1262 2109 dictu

79 2124 276 2174 parvam
306 2119 630 2181 praeterirem,
690 2120 740 2161 ni
769 2117 825 2160 ad
856 2119 1128 2174 religionem
1166 2120 1284 2164 visa'

81 2170 189 2212 effet
210 2179 458 2233 pertlnere.
538 2174 771 2216 Tibicines
789 2205 800 2225 ‚
854 2173 959 2230 quia
975 2174 1208 2229 'prohibiti
1234 2191 1263 2217 a.

82 2231 314 2284 proximls
339 2228 597 2272 censoribus
619 2235 750 2273 erant
776 2228 826 2272 in
846 2228 957 2272 aede
976 2229 1102 2274 Jovis
1124 2230 1274 2328 veroid.

172 2291 182 2300 '
1141 2299 1227 2342 quo
