1436 2462
294 140 298 144 .
364 113 413 148 A·
435 111 483 146 v.
504 113 547 144 c.
567 99 664 159 459.
715 110 765 143 A.
791 111 834 142 ca
857 98 952 157 295.
1159 105 1242 153 745

64 229 201 284 tullia
230 223 619 271 cumfcohortibus
642 223 794 267 alariis
809 222 859 266 in
876 219 1108 264 tumulum
1131 235 1247 263 con-

60 288 264 344 spectum
295 295 382 339 pro
446 295 495 321 re
527 279 872 323 circumducere
912 277 1065 332 jubet,
1112 283 1248 332 atque

47 339 170 384 -inde
189 339 310 382 inter
329 335 378 393 ip
401 345 475 376 am
498 333 837 384 dimicationem
853 366 865 387 ,
904 338 1072 388 quanto
1093 330 1249 373 maxi-

48 406 141 438 ·zne
164 393 332 450 posset,
362 396 488 432 moto
510 391 705 446 pulvere
726 388 970 431 ostendere.
1028 387 1156 428 Dum
1175 385 1249 427 his

49 449 264 492 intentus
287 447 540 503 imperator
560 451 670 496 erat,
700 443 933 486 altercatio
954 444 1073 483 inter
1094 440 1252 498 pulla-

63 503 161 546 rios
195 508 295 544 orta
330 499 386 542 de
415 498 613 555 auspicio
645 499 741 555 ejus
776 497 896 549 diei,
946 496 1251 551 exauditaque

70 557 127 600 ab
154 554 379 611 equitibus
407 554 657 605 Romanis3
701 555 803 609 qui,
842 567 941 594 rem
969 550 1093 593 haud
1124 552 1254 608 sper-

66 610 265 654 nendam
291 611 379 652 rati
394 641 405 660 ‚
431 609 508 667 Sp.
531 608 716 665 Papirio
736 606 891 650 fratris
916 605 1013 650 filio
1034 603 1248 658 consulis,

66 666 239 719 ambigi
269 663 326 706 de
347 664 562 720 auspicio,
593 662 987 705 renuntiaverunt.
1045 659 1253 712 Juvenis,

66 728 171 762 ante
201 719 459 760 doctrinam
481 719 604 760 Deos
636 718 925 778 spernentem
951 723 1083 758 natus
1100 747 1113 766 ‚
1152 729 1256 756 rem

66 775 349 832 inquifitam‚
378 787 438 814 ne
465 771 574 869 (lluid
603 773 942 828 incompertum
974 769 1178 813 deferret
1197 767 1257 811 ad

70 828 303 871 consulem
319 860 330 874 ,
360 826 465 870 detu
490 827 537 869 it.
594 827 683 869 Cui
706 826 801 878 ille,
837 828 900 866 Tu
922 826 1094 881 quidem
1115 833 1258 865 macte

67 886 235 925 virtuto
262 883 492 935 diligentia
525 896 576 922 ue
600 881 686 942 esto
702 896 717 924 .·
746 889 931 922 ceterum
960 882 1036 935 qui
1057 875 1255 940 auspicio

67 938 216 1006 adest,
243 935 291 996 fi
309 937 416 993 quid
426 933 543 997 fast
563 937 742 977 nuntiat
758 965 769 983 ,
809 937 854 976 in
869 931 1012 997 semet
1031 932 1174 996 ipsum
1195 948 1258 974 re-

67 995 270 1047 ligzonem
295 994 465 1045 recipit.
534 993 654 1034 Mihi
683 991 854 1046 quidem
883 991 1126 1043 tripudium
1153 1003 1258 1030 nun-

67 1050 233 1090 tiatum
270 1047 435 1100 populo
473 1050 676 1089 Romano
715 1046 1006 1100 exercituique
1039 1045 1258 1098 egregium

69 1098 310 1163 auspicium
350 1100 422 1160 est.
480 1100 838 1144 Centurionibus
859 1099 1023 1141 deinde
1052 1100 1116 1141 im
1155 1112 1262 1139 era-

69 1157 160 1207 vit‚
190 1162 240 1197 ut
302 1154 490 1197 allaz-ios
518 1157 641 1197 inter
677 1156 832 1211 prima
861 1156 983 1208 signa
1015 1169 1101 1196 con
1122 1153 1261 1195 titue-

70 1216 188 1254 rent.
284 1217 530 1251 removent
549 1217 594 1251 et
617 1209 844 1250 Samnites
869 1210 1020 1263 figna3
1058 1206 1260 1263 insequi-

71 1273 151 1308 tur
176 1263 294 1307 acies
320 1270 483 1304 ornata
511 1269 798 1316 armataque,
837 1270 888 1304 ut
915 1263 1112 1304 hostium
1143 1276 1262 1318 quo-

74 1333 164 1376 que
182 1315 481 1372 magnificum
497 1316 800 1372 spectaculum
820 1317 939 1359 effet.
983 1317 1263 1372 Priusquam

76 1374 254 1416 clamor
293 1370 535 1412 tolleretur
581 1376 1051 1426 concurrereturque,
1109 1370 1264 1412 emiffo

75 1435 252 1471 temere
862 1475 868 1478 ψ

79 1479 220 1538 Quod
246 1440 326 1522 11ξί
353 1479 525 1521 consuli
558 1478 816 1521 nuntiatum
848 1480 930 1533 est,
967 1482 1059 1522 Dii
1076 1481 1122 1521 in
1141 1494 1266 1533 proe-

79 1532 288 1596 liosunt,
324 1533 499 1591 inquit3
536 1532 671 1576 habet
691 1548 876 1587 poenam
909 1538 1088 1577 noxium
1115 1543 1266 1588 caput.

79 1592 207 1637 Ante
225 1589 455 1635 consulem
475 1588 586 1633 haec
607 1587 835 1633 dicentem
853 1604 1018 1633 corvus
1040 1604 1151 1633 voce
1170 1589 1267 1631 cla-

82 1660 138 1689 ra
157 1645 374 1689 obcinuit.
432 1642 540 1699 Quo
571 1643 715 1687 laetus
747 1644 939 1699 augurio
964 1644 1147 1696 consul,
1183 1643 1270 1684 ad-

81 1699 274 1743 firmans
299 1710 553 1762 numquam
575 1696 789 1741 humanis
810 1700 944 1741 rebus
963 1699 1109 1754 magis
1130 1713 1271 1755 prae-

84 1754 232 1798 sentes
251 1751 501 1798 interfmffe
521 1753 670 1802 DeOS‚
697 1753 821 1810 figna
844 1769 1007 1799 canere
1030 1761 1075 1800 et
1092 1753 1270 1799 clamo-

85 1823 188 1857 rem
212 1808 314 1851 tolli
339 1806 471 1863 jussit.

196 1862 328 1909 XLI.
364 1861 599 1908 Proelium
626 1862 914 1909 commiss’um
943 1872 1108 1916 atrox,
1147 1871 1273 1906 cete—

86 1932 195 1963 rum
220 1917 357 1972 longe
392 1915 646 1975 disparibus
678 1918 858 1961 animis.
927 1919 1163 1961 Romanos
1185 1918 1271 1970 ira,

86 1975 213 2032 spes,
258 1970 398 2014 ardor
425 1973 710 2022 certaminis,
755 1973 914 2016 avidos
948 1974 1144 2016 hostium
1173 1974 1275 2014 san-

89 2027 243 2084 guinis
263 2026 315 2068 in
341 2026 571 2084 proelium
594 2028 737 2086 rapit:
768 2028 1042 2072 Samnitium
1057 2042 1275 2084 magnam

126 2088 270 2125 artem
290 2082 518 2124 necessitas
541 2095 591 2123 ac
612 2082 776 2138 religio
800 2082 970 2128 invitos
993 2083 1139 2139 magis
1166 2084 1277 2124 refi-

109 2147 222 2188 tene,
250 2149 384 2195 quan)
402 2135 574 2180 inferre
593 2151 811 2195 pugnam,
841 2139 976 2194 cogit.
1032 2139 1133 2181 Nec
1145 2137 1280 2179 susti—

92 2191 290 2238 nuiffent
302 2204 509 2247 primum
531 2191 781 2234 clamorem
803 2201 937 2249 atque
958 2197 1168 2252 inpetum
1179 2191 1280 2234 Ro-

91 2259 367 2300 manorum,
410 2259 497 2308 per
529 2247 701 2349 aliunt
724 2247 820 2350 jan51
858 2263 1002 2292 annos
1039 2246 1282 2343 vincirad-

167 2335 169 2338 -
701 2316 762 2345 aa
1199 2315 1281 2343 ue·-

319 1425 379 1467 ilo
404 1425 519 1466 ictus
544 1423 770 1481 pullarius
801 1432 903 1466 ante
937 1428 1060 1481 signa
1089 1425 1266 1467 cecidit.
