1436 2462
234 120 240 148 3
270 101 333 154 ρ..
344 99 394 138 v.
414 101 460 136 c.
487 88 581 138 285.
601 90 700 137 284.
754 101 802 140 A.
826 103 869 136 c.
889 92 986 152 471.
1007 94 1105 161 4700
1203 101 1284 152 163

99 218 297 280 propter
323 217 578 260 certamina
608 213 825 261 ordinum
859 216 915 262 de
947 218 1050 276 lege
1087 220 1286 278 agraria,'

87 281 200 330 m
218 279 411 331 propter
427 268 650 325 judiciuin
669 270 764 330 Ap.
787 272 993 316 Claudii:
1023 276 1120 328 cui,
1150 291 1283 320 acer-

93 326 223 378 “fimo
242 325 502 376 adversario
523 325 637 381 legis
652 355 666 374 ,
703 329 971 384 causamque
988 330 1282 386 polless'orum

92 381 276 440 ‚publici
304 380 430 437 agri,
478 387 714 437 tamquam
731 382 876 436 tertio
907 384 1108 438 consuli,
1155 385 1283 429 rusti-

50 470 58 477 .
91 436 255 490 nenti,
281 435 350 479 M.
383 433 570 479 Duilius
591 441 635 476 et
661 435 712 478 C.
733 435 930 480 Sicinius
961 437 1084 481 diem
1105 440 1281 484 dixere.

89 486 369 548 Numquam
397 495 502 531 ante
528 496 626 531 tam
645 489 819 532 invisus
848 492 974 547 plebi
994 509 1098 536 reus
1127 495 1182 537 ad
1206 494 1284 550 Ju-

99 543 275 589 dicium
316 550 503 587 vocatus
536 543 699 601 populi
733 544 816 598 est,
875 546 1040 603 plenus
1076 549 1282 606 suarum,

90 597 268 656 'plenus
300 606 601 657 paternarum
633 601 824 641 irarum.
908 601 1068 645 Patres
1103 619 1285 661 quoque

95 666 195 697 non
222 660 395 696 temere
415 666 504 710 pro
538 653 635 695 ullo
668 667 810 709 aeque
835 653 975 697 adnifi
1002 657 1128 700 sunt:
1168 673 1285 714 pro-

134 715 401 764 ugnatorem
435 707 644 759 senatus,
687 708 1019 766 majestatisque
1052 713 1285 759 vindicem

118 776 228 815 uae,
268 761 326 805 ad
342 776 504 804 omnes
526 760 798 804 tribunicios
821 763 1114 823 plebejosque
1134 769 1284 826 obpo-

88 814 231 867 'Jitum
248 816 493 868 tumultus,
521 815 714 858 modum
738 816 975 860 dumtaxat
994 820 1044 862 in
1067 824 1284 867 certami-

91 884 156 915 ne
178 872 400 927 egress'um
414 901 427 922 ‚
466 871 610 913 iratae
631 870 767 927 objici
785 872 924 929 plebi.
991 873 1121 917 Vnus
1144 892 1168 918 e
1191 878 1284 921 Pa-

93 923 268 978 tribus,
321 924 418 983 ipse
446 924 542 982 Ap.
580 924 828 978 Claudius,
879 934 924 968 et
949 927 1185 985 tribunos,
1237 941 1284 977 et

130 978 305 1033 lehem,
335 986 380 1020 et
398 978 531 1021 fuum
551 977 785 1038 judicium·
795 994 883 1036 pro
902 979 1050 1023 nihilo
1070 982 1283 1032 habebat.

85 1070 90 1079 .
121 1032 239 1077 llum
271 1047 367 1076 non
391 1033 547 1075 minae
573 1028 746 1091 plebiS,
786 1048 882 1075 non
910 1033 1088 1079 senatus
1118 1053 1284 1096 preces

87 1102 151 1148 pe
210 1087 351 1131 ellere
386 1101 608 1143 umquam
650 1094 871 1143 potuere,
926 1092 1023 1132 non
1051 1093 1192 1136 modo
1230 1105 1284 1141 ut

86 1102 263 1195 ‚vellem
283 1149 505 1194 mutaret,
542 1147 621 1182 aut
651 1140 844 1198 subplex
861 1144 1098 1199 prensaret
1124 1147 1283 1194 homi-

89 1197 205 1248 ne33
242 1196 318 1239 sed
342 1211 403 1238 ne
423 1203 475 1238 ut
503 1210 562 1238 ex
584 1195 799 1238 consueta
821 1197 1009 1254 quidem
1037 1201 1282 1259 asperitate

93 1251 317 1295 orationis
346 1257 508 1306 (quum
528 1247 587 1291 ad
609 1249 836 1307 populum
860 1252 1035 1308 agenda
1056 1259 1186 1299 causa
1213 1262 1283 1303 es-

88 1305 160 1354 Iet
208 1303 378 1361 aliquid
408 1304 576 1347 leniret
606 1313 738 1361 atque
774 1306 1070 1352 submitteret.
1147 1312 1282 1358 Idem

85 1358 156 1405 ‘ha
188 1359 273 1402 itus
296 1358 405 1411 oris,
435 1357 596 1400 eadem
616 1360 905 1403 contumacia
916 1361 967 1404 in
986 1364 1134 1419 vultu,
1153 1367 1283 1413 idem

92 1415 147 1458 in
170 1413 379 1456 oratione
404 1411 584 1470 spiritus
608 1420 728 1455 erat:
770 1414 882 1458 adeo
910 1424 961 1459 ut
978 1432 1148 1475 magna
1170 1437 1281 1480 pars

93 1468 243 1528 plebis
254 1467 467 1525 Appium
477 1481 573 1510 non
592 1468 747 1510 minus
766 1484 901 1512 reum
922 1471 1121 1538 timeret?
1143 1492 1283 1534 quam

94 1521 331 1567 consulem
355 1522 585 1565 timuerat.
641 1522 795 1565 Semel
816 1526 996 1568 causam
1019 1526 1161 1583 dixu,
1191 1547 1281 1588 quo

91 1577 275 1635 semper
302 1589 438 1633 agere
467 1576 625 1619 omnia
656 1577 812 1620 solitus
836 1589 956 1634 erat,
997 1581 1281 1629 adcusatorio

91 1633 117 1675 Ι
147 1632 270 1674 iritu.
352 1631 577 1687 Adeoque
607 1631 855 1674 constantia
884 1636 960 1676 sua
996 1643 1039 1677 et
1070 1637 1283 1684 tribunos

94 1647 392 1742 ozstupefecit
414 1693 458 1728 et
471 1685 671 1742 plebem,
700 1693 752 1728 ut
772 1686 896 1729 diem
916 1690 998 1746 ipfi
1013 1690 1088 1732 sua
1110 1694 1283 1739 volun-

28 1775 30 1777 >
93 1749 186 1784 tate
214 1738 532 1796 prodicerent:
581 1739 703 1782 trahi
742 1740 908 1784 deinde
937 1757 1038 1787 rem
1068 1747 1281 1793 fluerent.

89 1795 238 1842 Haud
254 1795 317 1836 ita
337 1794 534 1835 multum
554 1794 742 1836 interim
756 1798 978 1854 temporis
992 1799 1097 1843 fuit.
1155 1801 1283 1846 Ante

96 1858 280 1902 tamen,
330 1863 467 1906 quam
498 1848 706 1905 prodicta
731 1849 826 1891 dies
861 1853 1077 1909 veniret,⁴
1114 1857 1282 1901 morbo

93 1904 306 1948 moritur.
393 1901 530 1957 Cujus
574 1918 716 1959 quum
756 1903 1066 1952 laudationem
1107 1912 1283 1957 tribuni

91 1958 242 2018 plebis
282 1957 495 2015 inpedire
539 1965 838 2008 conarentur,
905 1962 1032 2018 plebs
1072 1964 1283 2012 fraudari

94 2013 305 2058 sollemni
325 2014 502 2055 honore
525 2012 790 2070 supremum
812 2014 933 2058 diem
949 2019 1062 2062 tanti
1085 2020 1176 2062 viri
1190 2036 1281 2063 no·-

91 2068 207 2120 luit3
239 2075 284 2110 et
307 2065 620 2129 laudationem
646 2074 740 2110 tam
763 2069 914 2126 aequis
943 2074 1129 2116 auribus
1149 2091 1282 2118 mor-

87 2122 164 2167 'tui
185 2121 386 2175 audivit,
418 2135 554 2177 quam
574 2124 672 2164 vivi
691 2123 1028 2171 adcurationem
1046 2129 1279 2187 audierat3

94 2183 142 2222 et
162 2176 396 2236 exsequias
424 2177 641 2236 frequens
666 2177 926 2225 celebravit.

671 2286 711 2332 L
742 2298 768 2331 2
1126 2290 1286 2342 LXII.
