1436 2462
162 80 246 132 648
333 87 511 124 mvn
540 88 732 125 mann
760 87 833 124 xx.
890 89 1018 126 cu.
1043 79 1112 125 25.
1130 78 1199 124 26.

181 201 328 243 omnia
350 198 545 251 inplebo.-
582 212 662 242 vos
692 214 831 241 arcem
857 203 1014 243 intenti
1033 211 1205 245 tenete„
1252 200 1352 245 De-

184 253 330 296 currit
352 252 482 305 inde,
512 262 680 309 quanto
706 253 907 298 maxime
932 263 1112 312 poterat
1136 271 1247 300 >cnm
1275 265 1354 299 tu-

183 307 360 358 multu,
390 306 451 346 ad
471 321 618 355 arma,
656 316 699 350 et
722 322 803 362 pro
827 309 1009 367 vestram
1023 309 1184 368 fidem,
1213 310 1356 352 cives!

187 359 439 411 clamitans,
468 376 554 402 arx
571 362 627 402 ab
650 363 837 421 hostibus
858 372 990 416 capta
1011 363 1097 423 est,-
1119 362 1356 423 defendite.

188 414 317 458 Haec
334 413 536 457 incidens
554 416 818 472 principum
840 415 1014 460 foribus
1027 448 1039 468 ‚
1068 417 1354 471 haecnbviis,

183 463 298 512 haec
315 469 661 511 excurrentibus
681 471 729 512 in
749 469 984 527 publicum
1002 471 1183 529 pavidis
1205 470 1357 514 incre-

183 529 278 579 pat.
342 519 606 579 Adceptum
637 521 692 566 ab
723 538 814 566 uuo
841 536 1061 581 pavorem
1088 525 1242 583 plures
1275 528 1359 583 per

186 575 350 618 urbem
371 573 538 620 ferunt.
595 577 790 634 Trepidi
805 578 1114 631 magistratus,
1143 578 1282 621 misfis
1304 578 1361 621 ad

187 643 343 671 arcem
373 629 764 687 exploratoribus,
805 646 946 688 quum
970 630 1060 675 tela
1091 641 1135 675 et
1153 640 1360 675 'armatos

186 691 345 725 tenere
376 697 528 727 arcem
563 685 865 743 multiplicato
897 700 1090 728 numero
1125 685 1360 738 audirent,

188 741 404 780 avertunt
420 738 595 780 animos
609 753 633 780 a
648 742 720 796 spe
741 738 1077 796 recuperandae
1097 740 1228 783 arcis.
1265 739 1364 782 Fu-

185 803 241 884 §a
278 798 438 833 cuncta
479 793 799 850 complentur,
849 801 1099 850 portaeque
1139 793 1194 835 ab
1228 793 1368 836 semi-

208 844 356 887 omnis
373 859 422 886 ac
446 846 650 889 maxima
669 853 797 903 parte
817 846 1068 889 inermibus
1090 846 1360 902 refringun—

187 905 286 940 tur:
319 912 510 953 quarum
540 914 626 957 per
648 915 787 942 unam
807 900 1364 956 praemium-Romanum

188 952 391 996 clamore
416 953 664 996 excitatum
688 953 937 1010 inrumpit,
981 963 1027 996 et
1046 955 1362 997 concursantes

185 1018 271 1064 per
301 1005 441 1058 gviam·
473 1007 664 1063 pavidos
703 1006 859 1048 caedit.
942 1007 1044 1050 Jam
1083 1009 1198 1050 Sora
1234 1015 1364 1064 capta

160 1106 164 1108 ,
190 1066 310 1110 erat,
340 1072 481 1114 quum
505 1061 707 1102 consules
733 1061 883 1118 prima
903 1060 1004 1102 luce
1024 1061 1274 1111 advenere3
1305 1063 1389 1114 et,'

189 1126 302 1167 quos
337 1112 539 1168 reliquos
568 1113 754 1157 fortuna
786 1128 843 1155 ex
880 1122 1106 1155 nocturna
1135 1114 1271 1155 caede
1309 1128 1361 1157 ac

185 1167 298 1221 fuga
332 1165 524 1218 fecerat,
574 1167 624 1208 in
652 1167 928 1208 deditionem
961 1165 1209 1224 adripiunt.
1287 1168 1362 1212 Ex

187 1219 261 1263 his
276 1219 491 1261 ducentos
508 1220 671 1274 viginti
684 1220 896 1275 quinque,
925 1218 1003 1275 qui
1022 1221 1230 1263 omnium
1250 1235 1363 1264 con-

186 1274 315 1316 sensu
338 1272 668 1315 destinabantur
681 1281 725 1315 et
741 1273 956 1316 infandae
976 1274 1246 1318 colonorum
1258 1289 1364 1317 cae-

185 1327 254 1371 dis
287 1334 332 1370 et
363 1324 628 1368 defectionis
666 1334 899 1379 auctores,
957 1327 1132 1369 vinctos
1163 1328 1365 1371 Romam

189 1380 433 1424 deducunt.
479 1379 689 1423 Ceteram
711 1379 1364 1436 multitudinemiiwolumem,

186 1432 411 1492 praesidio
433 1432 650 1490 inpofito,
680 1434 820 1476 Sorae
840 1433 1117 1490 relinquunt.
1173 1435 1366 1488 Omnes,

186 1489 268 1543 qui
289 1487 487 1530 Romam
516 1485 695 1531 deducti
717 1494 871 1539 erant,
903 1487 1044 1542 virgis
1061 1487 1111 1530 iu
1130 1488 1234 1531 foro
1255 1491 1366 1530 caefi

188 1556 240 1583 ac
264 1541 407 1584 securi
430 1540 622 1597 percum
649 1541 826 1583 summo
849 1539 1014 1595 gaudio
1035 1541 1206 1599 plebis3
1238 1542 1366 1597 cujus

185 1595 391 1638 maxime
416 1594 658 1646 intererat,
688 1601 830 1639 tutam
850 1595 1038 1650 ubique,
1069 1609 1183 1650 quae
1266 1596 1364 1639 sfim

185 1648 237 1692 in
259 1648 461 1691 colonias
483 1649 766 1702 msstteretur,
795 1648 1134 1691 multitudinem
1153 1664 1176 1690 e
1213 1663 1251 1691 e.

294 1702 452 1747 XXV.
502 1701 719 1744 Consules
734 1733 759 1756 ,⁸
795 1702 849 1744 ab
885 1703 999 1744 Sora
1026 1702 1254 1758 profecti,
1310 1703 1363 1746 in

184 1771 210 1798 a
243 1772 318 1799 ros
346 1763 479 1812 atque
499 1755 632 1798 urbes
648 1755 888 1799 Ausonum
908 1755 1080 1798 bellum
1094 1756 1363 1800 intulerunt.

181 1769 313 1855 &ota
327 1823 524 1865 namque
537 1810 692 1852 omnia
711 1810 907 1853 adventu
918 1809 1207 1863 Samnitium,
1222 1825 1363 1866 quum

172 1863 306 1921 ,apud
337 1863 555 1905 Lautulas
582 1863 847 1908 dimicatum
878 1864 961 1915 est,
1002 1863 1209 1916 fuerant,
1249 1880 1364 1906 con-

188 1916 668 1972 ‘urationesquecirca
697 1917 996 1975 Campaniam
1020 1919 1180 1974 passim
1203 1917 1362 1960 factae.

235 1985 286 2013 ec
297 1971 455 2027 Capua
475 1970 571 2026 ipsa
591 1971 783 2015 crimine
811 1970 969 2014 caruit.
1027 1970 1152 2026 Quin
1162 1971 1363 2014 Romam

183 2034 364 2082 quoque
389 2031 433 2065 et
460 2024 519 2065 ad
536 2024 802 2083 principum
821 2025 1042 2082 quosdam
1065 2025 1361 2082 inquirendos

182 2086 373 2121 ventum
404 2077 476 2119 est.
550 2079 766 2121 Ceterum
786 2077 1029 2123 Ausonum
1058 2092 1168 2141 gens
1197 2077 1359 2136 prodi-

178 2132 307 2175 tione
330 2131 542 2192 urbium,
570 2133 678 2174 ficut
697 2134 814 2176 Sora
825 2164 843 2186 ,.
866 2133 915 2174 in
938 2134 1199 2190 potestatem
1223 2132 1362 2174 venit.

178 2185 371 2233 Ausona
399 2192 445 2233 et
474 2185 740 2244 Minturnae
777 2195 822 2232 et
848 2186 1007 2234 Vescia
1036 2186 1170 2244 urb-es
1200 2193 1327 2230 eram
1344 2202 1357 2225 ι

1294 2253 1354 2283 ex
