1436 2462
211 97 358 135 μην.
382 98 423 131 ο.
443 84 540 140 572.
563 82 658 141 575.
714 93 760 128 Α.
784 94 827 129 c.
849 83 945 131 582.
969 83 1067 133 581.
1167 97 1253 143 431

214 214 238 257 ἑ
256 213 308 255 in
321 208 604 271 Capitulium
626 222 719 252 non
741 210 860 262 vellet,
890 205 1139 254 concillum
1155 224 1248 268 po·-

138 271 158 313 ἰ
183 266 410 312 indictum
440 266 513 308 est.
578 263 652 319 >Ibi
680 264 859 307 crimen
891 264 1056 313 valuit,
1095 273 1141 308 et
1160 266 1250 309 ob-

140 323 225 368 atis
240 322 416 365 ·animis
429 320 550 363 triste
558 318 784 376 judicium
797 319 1089 375 iuviiumque
1105 320 1245 364 etiam

53 377 276 438 idicibus
308 375 496 419 factum.
577 375 693 417 Sunt
722 378 802 430 qui
837 388 923 431 per
955 372 1245 430 duumviros,

50 433 131 492 qui
149 431 207 475 de
227 429 558 527 ¹*perduellione
580 428 906 484 anquirerent,
936 436 1126 471 crea-tos.
1159 444 1247 472 au-

54 494 204 531 «tores
223 509 225 513 ·
243 492 311 528 int
344 484 628 527 damnatum.
686 483 888 526 Tribuni
911 483 967 525 de
988 483 1094 524 saxo
1119 483 1245 526 Tar-

51 542 159 602 pejo
189 539 480 597 dejecerunt:
510 538 728 594 locusque
747 536 867 579 idem
900 537 947 579 in
972 551 1063 578 uno
1088 537 1246 581 homi-

51 611 119 640 ne.
134 603 182 640 et
204 595 403 640 eximiae
427 591 604 648 gloriae
633 592 973 635 monimentum
998 600 1041 634 et
1067 606 1248 649 poenae

54 651 251 694 ultimae*
278 647 382 691 fuit.
460 646 680 700 Adjectae
716 654 901 689 mortuo
943 654 1078 688 notae
1119 649 1248 690 sunt=

52 705 242 764 publica
258 717 377 755 una3
419 701 566 760 quod,
606 715 746 757 quum
769 700 933 742 domus
961 701 1057 756 ejus
1078 701 1246 757 fuisset,

55 759 136 804 ubi
154 773 280 803 nunc
299 757 432 799 aedes
463 762 596 812 atque
625 754 806 798 officina
829 756 1042 798 Monetae
1063 757 1146 808 est,
1175 758 1249 799 la—

54 821 156 857 tum
181 812 237 856 ad
258 813 485 871 populum
507 810 590 858 est,
617 824 678 852 ne
704 812 804 866 quis
829 810 1046 867 patricius
1067 811 1113 853 in
1140 826 1247 854 arce

52 867 372 926 autCapitolio
390 865 638 908 habitan-en
666 865 901 921 gentilicia
919 866 1090 915 altera3
1122 866 1245 922 quod

54 923 204 987 gentis
226 920 430 966 Manliae
451 920 634 962 decreto
655 927 840 961 cautum
860 919 933 970 est,
965 934 1022 960 ne
1043 920 1143 975 quis
1162 920 1248 962 de-

54 977 166 1021 mde
203 977 272 1020 M.
309 974 515 1018 Manlius
548 981 806 1015 vocaretur.
886 974 1025 1015 Hunc
1066 974 1246 1018 exitum

53 1031 214 1080 habuit
239 1030 339 1080 vir,
378 1029 458 1070 nifi
487 1029 537 1069 in
566 1028 714 1069 libera
744 1026 928 1069 civitate
962 1034 1094 1070 natus
1126 1029 1247 1084 effet,

51 1083 384 1130 memorabilia.
441 1082 674 1139 Populum
700 1081 856 1132 brevi,
895 1082 1128 1139 postquam
1157 1098 1248 1140 pe·-

51 1140 255 1184 rit-ulum
289 1137 344 1180 ab
371 1152 425 1179 eo
454 1137 637 1178 nullum
671 1143 791 1187 erat,
833 1150 919 1193 per
949 1137 992 1178 se
1023 1137 1141 1194 ipsas
1167 1153 1247 1181 re-

51 1194 319 1239 cordantem
354 1191 575 1242 virtutes,
630 1189 903 1232 defiderium
940 1192 1036 1249 ejus
1082 1193 1244 1243 tenuit.

50 1248 314 1293 Pestilentia
343 1245 482 1288 etiam
508 1245 637 1287 brevi
663 1245 959 1300 consequuta,
990 1246 1130 1288 nullis
1157 1247 1246 1290 ob·-

54 1302 342 1346 currentibus
364 1308 520 1347 'tantae
547 1299 688 1342 cladis
713 1303 875 1350 caulis,
914 1316 974 1344 ex
1000 1301 1244 1345 Manliano

54 1357 275 1416 subplicio
303 1368 498 1411 magnae
522 1354 645 1412 parti
672 1352 823 1396 videri
848 1363 971 1397 orta:
1016 1357 1246 1400 violatum

55 1410 339 1470 Capitolium
370 1409 455 1451 effe
478 1408 697 1464 sanguine
728 1409 995 1452 servatoris:
1035 1425 1119 1452 nec
1140 1411 1246 1454 Diis

57 1466 189 1510 cordi
213 1465 339 1508 fuiss'e
366 1477 567 1522 poenam
595 1463 691 1518 ejus
715 1463 915 1506 oblatam
935 1479 1082 1522 prope
1099 1466 1245 1508 oeulis

57 1521 173 1571 suis,
210 1535 238 1562 a
259 1535 349 1576 quo
376 1519 454 1560 sua
478 1518 654 1577 templa
677 1525 834 1576 erepta
860 1533 886 1560 e
911 1519 1124 1562 manibus
1151 1520 1245 1567 hos

55 1575 188 1619 stium
213 1577 366 1618 effent.
392 1584 395 1585 ’

123 1671 126 1674 .
165 1629 304 1674 XXI.
345 1626 651 1673 pestilentiam
678 1626 836 1684 inopia
864 1625 1050 1684 frugum
1073 1635 1116 1671 et
1137 1629 1245 1672 vul-

59 1693 214 1743 gatam
237 1684 404 1727 utriusc
420 1698 476 1725 ue
500 1682 612 1724 mali
636 1681 817 1740 famam·
833 1697 954 1725 anuo
983 1683 1248 1741 insequente

62 1739 312 1797 multiplex
343 1738 519 1780 belum
546 1739 752 1793 excepit,
792 1737 850 1779 L.
887 1737 1076 1780 Valerio
1108 1754 1250 1796 quar-

57 1802 183 1847 tum,
223 1793 286 1836 A.
315 1792 495 1836 Manlio
522 1793 732 1843 tertium,
777 1792 876 1834 Ser.
909 1792 1116 1850 Sulpicio
1147 1802 1246 1836 ter-

56 1850 176 1892 tium
192 1881 208 1900 ‚
242 1847 300 1890 L.
327 1846 543 1890 Lucretio
559 1877 570 1899 ‚
608 1846 666 1887 L.
690 1846 896 1889 Aemilio
920 1851 1134 1896 tertium,
1175 1849 1245 1892 Μ.

58 1902 322 1955 Trebonio,
378 1901 574 1944 tribunis
613 1901 816 1942 militum
850 1902 1078 1945 consulari
1110 1909 1247 1961 pote-

57 1957 178 2001 state.
258 1957 420 1999 Hostes
454 1956 585 2007 novi,
630 1963 813 2020 praeter
842 1955 1057 2010 Volscos,
1118 1957 1248 2000 velut

59 2013 178 2056 sorte
210 2012 406 2069 quadam
444 2025 591 2069 prope
625 2025 674 2052 ιιι
712 2018 952 2053 aeternum
985 2012 1245 2065 exercendo

60 2066 275 2111 Romano
309 2066 446 2109 militi
473 2066 598 2118 datos
614 2097 627 2118 ‚
669 2064 961 2122 Circejosque
982 2074 1025 2108 et.
1048 2066 1248 2109 Velitras

1 2148 6 2156 ·
63 2121 264 2165 colonias
299 2121 394 2177 jam
429 2120 507 2163 diu
540 2119 781 2162 molientes
814 2120 1145 2174 defectionem,
1202 2128 1249 2164 et

43 2177 137 2226 ¹sus
163 2185 315 2219 ectum
340 2176 523 2233 Latium
539 2205 552 2228 ‚
589 2174 826 2218 Lanuvini
849 2174 1013 2231 etiam,
1053 2190 1169 2234 quae
1190 2175 1250 2218 fi-

65 2190 286 2290 (letissima
315 2230 424 2278 urbs
456 2229 635 2287 fuerat,
651 2228 819 2328 {ibim
845 2230 1011 2275 exorti.
1076 2229 1134 2275 [d
1158 2230 1252 2274 Pa-

749 2297 775 2329 2
1162 2293 1256 2329 tres
