1436 2462
365 65 421 107 A.
441 66 493 102 vt
515 67 557 100 c.
574 52 671 115 359.
727 65 776 99 A.
804 68 845 100 c,
866 54 964 115 395.
1183 63 1268 110 375

72 180 263 282 m
279 178 353 223 est.
410 180 524 224 Non
555 178 736 239 proelio
760 185 939 221 tantum
960 175 1080 221 fudit
1099 176 1267 231 hostes,·

257 235 320 278 ris
338 238 517 293 quoque
538 235 688 287 exuit,
717 234 893 290 ingenti
929 247 986 276 ue
1006 232 1179 294 praeda
1201 233 1262 276 est

67 289 274 349 potitus}
323 290 450 345 cujus
485 305 594 349 pars
627 292 836 332 maxima
874 303 901 330 a
975 288 1260 350 quaestorem

70 343 254 391 redacta
285 344 368 386 estt
415 344 541 388 haud
574 344 640 387 ita
672 343 874 386 multum
906 342 1047 386 mihti
1069 342 1257 388 datum.

67 397 185 443 Inde
214 397 271 441 ad
292 398 431 454 Vejos
463 399 694 443 exercitus
726 398 914 450 ductas,
964 395 1260 455 densioraque

67 452 248 498 castella
283 453 432 506 facta3
493 462 539 497 et
577 468 605 496 a
635 451 1085 512 procursationibus,
1143 466 1259 507 quae

65 508 241 550 :multae
257 516 433 552 temere
453 508 576 552 inter
597 522 785 551 murum
805 522 857 548 ac
878 507 1052 549 vallum
1072 506 1259 560 fiebant,

69 560 218 607 edicto
236 595 250 616 ,
282 577 342 606 ne
361 564 649 627 quis-in'uffu
667 569 896 621 pugnaret
910 593 922 614 ‚
954 560 1011 602 ad
1029 576 1145 620 opus
1165 561 1261 603 mi-

64 615 170 659 lites
199 615 411 661 traducti.
543 632 713 676 perum
749 617 838 659 fuit
874 614 1083 658 omnium
1118 616 1258 678 longe

64 670 326 715 maximum
367 687 418 714 ac
450 671 873 724 laboriofisfimum,
934 669 1172 712 cuniculus
1205 685 1257 713 111

62 738 220 767 arcem
254 726 451 769 hostium
477 729 552 782 agi
584 733 787 783 coeptus·-
860 724 1084 782 Quodne
1108 725 1259 767 inter-

59 778 325 823 mitteretur
349 796 492 839 opus,
531 795 624 823 neu
653 781 731 822 l'ub
762 788 887 822 terra
917 779 1161 822 continuus
1180 779 1254 821 la-

57 832 145 875 bor
166 834 353 878 eosdem
377 833 649 889 conficeret,
688 836 739 876 in
759 843 913 892 partes
946 833 1022 875 sex
1042 833 1254 876 munito-

58 901 169 930 rum
188 903 439 932 numerum
462 888 624 932 divifit.
682 889 829 932 senae
847 888 991 932 horae
1016 887 1066 930 in
1089 888 1252 931 orbem

57 944 194 999 operi
223 942 476 985 adtributae
498 940 622 987 sunt:
664 949 798 986 nocte
825 957 876 984 ac
899 942 972 984 die
994 956 1253 998 numquam

57 1003 164 1041 ante
186 995 397 1040 omiffum
411 1029 425 1051 ‚
465 1012 603 1055 quam
633 998 683 1040 in
704 1011 858 1038 arcem
883 996 1007 1039 viam
1028 995 1251 1040 facerent.

162 1052 282 1098 XX.
310 1052 520 1097 Dictator
539 1067 683 1109 quum
703 1050 860 1106 jamin
880 1050 1093 1094 manibus
1113 1050 1251 1093 vide-

55 1111 130 1148 ret
148 1105 393 1149 victoriam
422 1107 535 1158 effe,
567 1107 727 1150 urbem
755 1104 1143 1163 opulentisfimam
1170 1120 1251 1149 ca-

53 1161 131 1218 pi,
184 1166 454 1216 tantumque
487 1160 687 1219 praedae
716 1159 844 1213 fore,
926 1167 1118 1202 uantum
1150 1175 1251 1202 non

58 1213 274 1259 omnibus
303 1214 354 1257 in
383 1214 749 1260 unum-conlatis
775 1222 880 1257 ante
946 1214 1046 1256 eliis
1071 1212 1223 1257 fuisset
1233 1230 1250 1267 3

58 1283 120 1312 ne
152 1283 290 1325 quam
319 1269 427 1313 inde
454 1278 533 1314 aut
560 1270 766 1313 militum
796 1269 917 1312 iram
947 1283 1006 1311 ex
1027 1267 1139 1311 mali
1173 1273 1252 1312 ni-

58 1331 151 1366 tate
178 1323 377 1381 praedae
402 1325 624 1382 partitae,
661 1332 740 1367 aut
758 1322 986 1367 invidiam
1009 1322 1135 1381 apud
1196 1339 1250 1366 a·-

58 1385 152 1422 tres
178 1392 238 1420 ex
258 1377 454 1436 prodiga
473 1379 719 1435 largitione
749 1385 960 1436 caperet,
1000 1377 1159 1421 literas
1190 1380 1251 1423 ad

56 1433 259 1477 senatum
282 1428 428 1477 mifit:
466 1435 616 1477 Deum
634 1435 932 1475 inmortalium
957 1432 1247 1496 benignitate,

44 1482 148 1549 suis
185 1487 395 1548 borgfiliis,
440 1490 663 1543 patientia
696 1488 912 1536 militum,
980 1488 1031 1531 V
1026 1502 1048 1527 e
1070 1503 1121 1528 os
1165 1490 1250 1530 'am

45 1539 160 1602 fore
201 1543 248 1584 in
280 1542 501 1604 potestate
537 1543 694 1598 populi
726 1544 936 1586 Romani.
1026 1502 1118 1640 ἐπὶ
1191 1545 1249 1586 de

57 1597 230 1652 praeda
264 1593 522 1656 faciendum
559 1594 813 1660 censerent?
871 1597 1005 1641 Duae
1052 1600 1251 1643 “enatum

61 1650 340 1695 distinebant
373 1651 646 1695 sententiam
701 1665 795 1694 una
822 1651 938 1693 senis
972 1652 1023 1694 Ρ.
1053 1652 1247 1708 Licinii,

59 1720 196 1762 quem
214 1707 420 1762 primum
451 1706 609 1749 dixiss'e
638 1720 664 1748 a
683 1705 781 1748 filio
807 1706 1144 1762 interrogatum
1172 1708 1250 1752 fe-

58 1768 192 1812 runt,
222 1759 335 1800 edici
354 1761 507 1814 palam
530 1762 703 1816 placere
717 1761 907 1815 populo,
938 1771 1010 1808 ut,
1048 1764 1127 1826 qui
1143 1778 1247 1818 par·

55 1817 197 1869 ticeps
219 1811 305 1914 eff
326 1816 522 1868 praedae
540 1816 696 1866 vellet,
734 1818 779 1856 in
809 1815 951 1876 casira
976 1816 1111 1875 Ve10s
1131 1821 1247 1861 iret:

56 1869 202 1912 altera
237 1908 240 1909 γ
266 1883 315 1926 p.
331 1869 542 1924 Claudii,
580 1868 687 1928 qui,
726 1870 1024 1926 largitionem
1055 1886 1246 1929 novam,

94 1924 304 1981 redigam
321 1955 333 1976 ‚
362 1924 678 1982 inaequalem,
707 1925 1012 1968 inconsultam
1033 1938 1248 1984 arguens,

56 1938 99 2032 K
122 1979 261 2024 semel
290 1978 420 2021 nefas
450 1979 696 2033 ducerent,
741 1987 921 2038 captam
955 1995 1015 2023 ex
1042 1979 1246 2027 hostibus

54 2033 109 2078 in
125 2034 306 2076 aerario
332 2033 545 2077 exhausto
577 2034 710 2079 bellis
741 2036 987 2092 pecuniam
1011 2037 1118 2092 effe,
1158 2054 1244 2081 au·-

57 2096 159 2131 ctor
182 2099 279 2134 erat
301 2088 508 2146 stipendii
537 2104 596 2132 ex
618 2105 671 2132 ea
697 2088 894 2148 pecunia
913 2090 1053 2134 militi
1074 2107 1244 2135 nume-

54 2142 220 2198 randi,
257 2152 311 2187 ut
341 2159 394 2186 eo
421 2145 575 2189 minus
601 2144 764 2189 tributi
828 2144 951 2188 lebes
982 2147 1244 2191 conferret:

51 2198 170 2259 Ejus
201 2200 312 2243 enim
352 2199 459 2245 doni
469 2195 764 2305 societcgen14
788 2195 966 2263 ensums
998 2202 1244 2258 aequaliter

683 2270 709 2300 a
1050 2271 1241 2302 ommam
