1436 2462
162 108 267 146 ΙΝΙ
419 107 763 146 Pnoomnvm:
790 105 865 146 im
899 106 1055 150 Lrvn

168 218 373 269 dissecto
386 251 399 278 ‚
435 235 691 267 numerum
720 222 914 282 quidem
938 217 1213 280 librorum5'
1226 235 1334 269 :non

169 303 286 338 vero
310 289 531 336 lacunam
549 290 815 350 explevere.
885 289 1071 337 Editio
1093 289 1332 354 princeps

168 357 237 408 est
265 357 487 403 Romana
517 356 617 402 sine
646 359 760 403 anni
789 363 905 403 nota
935 358 1094 418 (1469
1115 357 1228 416 fola)
1253 364 1332 418 ap.

172 425 317 471 Conr.
334 425 652 486 Sweynheym
673 432 720 470 et
738 424 852 473 Arn.
870 426 1110 472 Pannartz
1130 429 1247 470 cure
1261 425 1334 474 loa
1430 426 1433 428 ’

169 492 259 540 An.
291 492 516 544 (Antonii
543 500 626 539 aut
653 495 818 553 potius
837 492 1086 551 Andreae)
1101 487 1340 554 'Episcopi

169 559 456 618 Aleriensis,
493 563 628 606 cuius
651 561 1338 623 praefationemproximaeet

171 635 363 675 tantum
379 643 479 676 non
498 644 666 674 omnes
682 629 919 676 editiones
931 629 1064 674 Saeo.
1077 628 1180 676 XV.
1193 640 1349 688 prae-
1415 652 1419 653 ν

167 695 346 743 ferunt.
413 697 641 756 Repetite
676 696 744 742 est
772 697 959 744 Romae
991 697 1118 757 1472
1137 693 1170 740 f.
1202 701 1252 740 et
1283 708 1345 754 ex

172 778 230 810 ea
257 762 504 823 expressae
532 762 916 809 Mediolanenses
951 765 1075 824 1478
1096 761 1129 809 f.
1162 777 1192 807 a
1215 761 1340 809 Phii-

172 831 234 878 de
255 831 531 892 Lavagnia,
568 838 616 878 et
646 831 772 885 1480
788 831 822 877 f.
847 831 907 876 ab
935 830 1112 876 Anton.
1135 827 1347 877 Zarotho

169 898 385 961 inpensis
411 899 480 945 Io.
503 899 729 957 Legnani-
745 907 794 944 et
817 913 878 944 ex
900 898 1232 958 recognitione
1250 895 1349 942 P-e-

170 969 238 1015 tri
267 966 435 1014 Iustini
468 964 673 1013 Philelfi.
753 966 981 1011 Proxime
1013 972 1175 1013 autem
1213 964 1348 1009 illam

173 1049 410 1096 excepere
443 1034 631 1081 Veneta
673 1038 798 1091 1470
821 1032 854 1078 f.
895 1047 985 1093 per
1020 1031 1346 1079 Vendelinum

172 1101 449 1166 spirensem
472 1099 568 1147 five
597 1102 657 1145 de
679 1101 846 1160 Spira,
885 1107 934 1145 et
954 1100 1178 1145 Romana
1202 1106 1348 1154 1471.

174 1180 225 1219 et
260 1176 384 1231 1472
402 1170 434 1216 f.
469 1169 541 1216 III
556 1168 681 1215 Voll.
710 1183 800 1228 per
829 1168 1112 1215 Vdalricum
1135 1166 1349 1224 Gallum,

173 1237 330 1287 studio
358 1239 428 1283 Io,
458 1237 658 1282 Antonii
692 1236 953 1297 Campani3
998 1250 1147 1298 quae,
1182 1233 1220 1280 si
1247 1234 1372 1280 Fa..-

174 1308 332 1355 bricio
372 1305 494 1350 fides
525 1303 779 1362 habenda,
816 1306 914 1350 iam
945 1304 1131 1363 recepit
1167 1301 1354 1362 aliquot
1398 1322 1401 1324 >

178 1377 486 1425 coniecturas
512 1371 676 1420 Laur.
703 1371 764 1417 V
753 1371 913 1419 allae.
984 1371 1107 1428 Hic,
1143 1370 1226 1431 qui
1253 1369 1353 1415 iam

176 1462 218 1492 a.
258 1445 386 1506 1457
419 1449 641 1488 mortuus
672 1438 762 1496 est,
798 1440 986 1498 primus
1018 1431 1183 1486 veram
1219 1435 1351 1482 Livii

174 1513 437 1560 lectionem
462 1509 514 1553 in
542 1507 681 1553 libris
710 1506 1036 1553 XXI-XXVI.
1071 1520 1132 1550 ex
1154 1503 1350 1565 ingenio

178 1587 227 1627 et
266 1576 562 1625 membranis
610 1589 840 1621 revocare
891 1581 1094 1618 conatus
1140 1571 1236 1628 est,
1303 1578 1354 1615 et

177 1646 544 1693 emendationes
579 1641 685 1687 suas
719 1642 846 1687 libro
867 1642 948 1688 IV.
969 1639 1347 1686 Recriminatio-

176 1730 297 1762 num
340 1714 392 1759 in
433 1711 635 1759 Facium
679 1717 728 1755 et
768 1709 1098 1755 Panormitam
1143 1706 1354 1753 inseruit.

177 1784 276 1831 Eas
295 1788 460 1826 tamen
485 1793 612 1823 anno
637 1777 832 1822 demum
858 1779 983 1831 1540
1009 1772 1224 1823 Basileae
1242 1784 1353 1818 cum

177 1849 379 1910 reliquis
412 1849 515 1892 eius
549 1845 779 1905 operibus
807 1846 859 1892 in
881 1845 1038 1891 lucem
1070 1839 1275 1898 emissas,
1307 1846 1356 1884 et

179 1919 394 1982 primum
422 1929 450 1959 a
470 1912 582 1959 Seb.
607 1913 829 1973 Gryphio
854 1914 904 1958 in
928 1912 1041 1957 edit.
1057 1909 1185 1955 Livii
1199 1907 1355 1967 Lugd-

186 1989 312 2040 1542
349 1987 602 2041 excerptas
622 1979 788 2037 fuisse,
826 1978 1074 2026 contendit
1091 1976 1356 2031 Drakenb.‚

180 2055 266 2114 qui
302 2054 355 2099 in
385 2047 596 2096 Praefat.
634 2047 742 2094 Vol.
763 2048 870 2095 VII.
909 2044 1254 2103 p.II-—XXXI.
1297 2043 1359 2091 de

179 2121 352 2172 Vallae
377 2118 479 2168 vita
499 2123 550 2163 et
569 2114 760 2181 seriptis
781 2112 971 2181 copiose
994 2111 1232 2162 disseruit.

1231 2247 1359 2295 Pro-
