1436 2462
206 95 290 152 302
362 105 538 138 mvn
567 100 762 138 Lr'nnn
791 79 864 142 rv.
924 101 1239 164 CAR-'qssaffi

205 219 314 263 sutis
336 216 474 260 modo
493 217 679 274 vigiles,
709 220 1143 277 exercitum-deinde
1171 235 1375 282 omnm,

203 275 280 316 red
300 274 566 334 dictatorem
586 288 764 330 quoque
789 289 847 317 ex
859 276 1027 320 ‘somno
1039 280 1227 324 excivit.
1283 280 1375 327 Vbi

203 330 428 386 praesenti
458 341 542 382 ope
572 342 644 370 res
674 328 884 383 egebant,
933 333 1084 375 consu]
1105 349 1190 376 nec
1215 332 1371 378 animi»

208 382 398 434 defecit,
428 395 511 422 nec
535 381 743 424 confilio:
781 397 888 440 pars
908 385 1108 429 militum
1129 396 1371 444 portarum

203 436 409 479 stationes
429 434 634 477 firmant:
663 451 767 493 pars
789 453 957 479 corona
975 440 1150 484 vallum
1164 441 1368 498 cingunt.

203 491 261 534 In
289 491 440 533 alteris
468 489 588 545 apud
614 490 878 534 dictatorem
907 493 1080 547 castris,
1109 509 1198 551 quo
1217 495 1372 540 minus

202 546 423 588 tumultus
458 548 537 595 el't,
587 559 639 586 eo
669 545 774 600 plus
811 546 1206 602 animadvertitur,
1292 550 1373 593 uid

203 614 318 656 opus
343 597 461 640 sacto
485 601 547 640 fit.
602 599 734 641 Miss'o
758 607 908 642 extem
945 601 989 642 lo
1017 597 1242 645 ad'castra
1315 603 1372 646 b·-

203 654 340 705 fidio,
382 653 452 694 cui
475 653 550 710 Sp.
582 653 832 695 Postumius
860 653 922 697 Al
955 670 1004 697 us
1037 656 1209 712 legatus
1231 671 1372 714 prae-

200 708 368 760 ficitur,
397 707 489 763 ipse
512 714 641 764 parte
659 707 897 763 copiarum
918 722 1061 765 parvo
1081 710 1274 754 circuitu
1294 711 1370 754 lo-

200 777 307 804 cum
327 761 529 802 maxime
556 762 774 802 secretum
792 761 846 802 ab
870 763 1066 805 tumultu
1083 764 1220 821 petit,
1248 765 1372 808 unde

200 831 261 858 ex
290 831 373 858 nec
403 816 587 870 opinato
618 817 825 857 aversum
853 815 1024 858 hostem
1051 817 1263 860 invadat.·
1309 819 1371 875 Q.

199 870 454 927 Sulpicium
477 869 677 924 legatum
695 868 903 925 praeficit
927 870 1099 913 castris:
1138 871 1206 914 M.
1225 873 1368 916 Fabio

197 925 346 979 legato
368 924 564 977 adssgnat
589 924 774 979 equites.
830 924 929 966 Nec
954 932 1057 966 ante
1085 925 1236 968 lucem
1259 941 1364 969 mo·-

196 992 308 1021 vere
337 978 460 1033 jubet
492 991 705 1030 manum,
741 978 863 1019 inter‘
884 985 1128 1022 nocturnos
1149 981 1367 1024 tumultus

196 1032 438 1074 moderatu
465 1030 709 1072 difficilem.
779 1031 951 1074 Omnia
966 1064 977 1083 ‚
1015 1047 1128 1088 quae
1149 1035 1225 1076 vel
1247 1035 1363 1078 alius

194 1087 446 1144 imperator
464 1085 662 1142 prudens
681 1092 725 1126 et
742 1085 921 1141 inpiger
941 1086 990 1127 in
1011 1087 1092 1128 tali
1114 1101 1165 1129 re
1183 1088 1363 1144 praeci-

231 1147 589 1195 eretageretque
607 1170 618 1191 ,
663 1140 885 1196 praecipit
911 1140 1071 1182 ordine
1097 1148 1228 1195 atque
1256 1143 1363 1198 agit.

191 1153 316 1240 fllud
339 1194 561 1243 eximium
590 1193 761 1234 consilii
786 1193 1016 1249 animique
1038 1195 1289 1250 specimen,
1319 1203 1364 1239 et

194 1250 459 1306 neutiquam
479 1248 684 1302 vulgatae
705 1247 848 1288 laudis
862 1279 874 1299 ,
915 1247 1041 1302 quod
1058 1248 1181 1290 ultro
1201 1249 1256 1292 ad
1278 1249 1365 1292 ob-

117 1327 123 1335 ·
191 1302 439 1361 pugnanda
459 1302 597 1343 castra
615 1300 831 1353 hostium,
871 1301 991 1343 unde
1016 1302 1189 1357 majore
1212 1304 1362 1359 agmi-

193 1373 253 1401 ne
271 1356 501 1414 profectos
519 1355 808 1411 exploratum
825 1355 984 1409 suerat,
1011 1357 1080 1398 M.
1103 1356 1363 1412 Geganium
1395 1363 1401 1370 ‘

193 1426 302 1454 cum
322 1409 581 1452 cohortibus
606 1408 788 1450 delectis
808 1410 938 1452 mifit.
994 1409 1103 1464 Qui,
1100 1411 1220 1506 upost
1255 1425 1361 1454 uam
1401 1425 1420 1439 ·

191 1467 388 1509 intentos
420 1462 629 1505 homines
653 1463 703 1504 in
732 1470 944 1504 eventum
973 1464 1099 1520 peric
1150 1467 1166 1505 i
1199 1479 1225 1505 a
1249 1465 1360 1518 'eni‚

191 1534 279 1579 pro
295 1520 338 1560 se
359 1520 563 1560 incautos
582 1516 794 1572 neglectis
811 1517 977 1572 vigiliis
997 1517 1358 1575 stationibusque,

195 1573 469 1616 est=adortus
487 1603 497 1620 ,
547 1571 672 1627 prius
701 1585 845 1627 paene
874 1571 994 1628 cepit
1020 1572 1178 1623 castra,
1220 1586 1358 1627 quam

190 1627 447 1685 obpugnari
463 1625 605 1668 hostes
626 1626 725 1667 satis
747 1625 920 1667 scirent.
976 1624 1103 1678 Inde,
1132 1624 1275 1678 fumo,
1301 1633 1355 1669 ut

189 1689 468 1724 convenerat
487 1713 500 1734 ,
547 1681 702 1721 datum
742 1680 915 1733 signum
957 1678 1035 1721 ubi
1067 1679 1354 1736 conspectum

185 1736 242 1778 ab
262 1735 478 1777 dictatore
500 1734 580 1786 est,
619 1734 862 1785 exclamat,
902 1741 1031 1792 capta
1056 1733 1249 1776 hostium
1273 1749 1350 1776 ca-

183 1791 291 1844 stra,
327 1789 616 1846 nuntiarique
638 1789 792 1850 passim
815 1788 948 1844 jubet.

292 1843 518 1886 XXVIII.
546 1845 606 1886 Et
625 1843 715 1895 jam
735 1842 992 1894 lucescebat,
1015 1842 1254 1898 omniaque
1266 1842 1345 1885 sub

187 1898 330 1940 oculis
361 1906 508 1939 erant:
549 1906 594 1940 et
608 1896 773 1939 Fabius
798 1910 902 1937 cum
929 1898 1127 1952 equitatu
1141 1897 1362 1952 inpetum*

182 1951 388 2002 dederat,
419 1959 461 1992 et
482 1953 636 1994 consul
655 1949 942 2007 eruptionem
963 1966 986 1991 e
1007 1950 1154 1992 castris
1174 1954 1224 1992 in
1247 1958 1344 1993 tre—

179 2005 312 2063 pidos
328 2007 419 2059 jam
436 2006 578 2048 hostes
597 2005 779 2047 fecerat.
820 2004 1026 2046 Dictator
1043 2011 1206 2055 autem,
1228 2018 1343 2061 par-

179 2067 231 2102 te<
250 2059 391 2101 altera
422 2059 606 2102 subsidia
636 2068 681 2102 et
703 2058 939 2101 secundam
974 2058 1116 2100 aciem
1142 2058 1342 2113 adortus,

178 2114 504 2168 circumagenti
535 2117 575 2156 se
597 2114 651 2155 ad
683 2114 881 2154 dissonos
906 2112 1125 2154 clamores
1149 2126 1199 2153 ac
1219 2111 1342 2154 subi-

174 2175 245 2210 tos
266 2168 487 2210 tumultus
511 2167 624 2211 hosti
644 2167 844 2221 undique
872 2166 1094 2221 objecerat
1119 2166 1340 2209 victorem

175 2221 377 2281 peditem
395 2221 695 2280 equitemque.
749 2219 1061 2267 circumventi
1083 2219 1225 2277 igitur
1243 2221 1339 2281 jam

1287 2287 1340 2317 m
