1436 2462
338 77 390 115 ι.
407 76 461 115 v.
487 81 529 114 c.
553 70 649 130 559.
702 78 752 114 A.
773 82 817 115 c.
839 70 947 130 595³
1151 69 1263 128 ηρ.

60 193 209 249 Vde,
237 193 454 239 auditam.
510 194 692 239 Motam
715 202 839 238 certe
860 194 1070 241 sede-sua
1096 194 1236 253 parvi

54 247 318 296 molimenti
333 249 626 294 adminiculis
645 281 659 302 ,
687 251 914 305 sequentis
939 250 1078 293 modo
1098 249 1237 293 adce-

83 303 103 356 ,”
156 318 207 347 us
233 303 386 347 levem
413 319 465 347 ac
498 303 683 348 facilem
710 305 935 348 translatu
965 305 1119 348 fuiffe:
1159 305 1238 347 in·-

51 315 318 415 aeamque
355 361 408 402 in
452 357 739 414 Aventinum
753 391 766 412 ,
821 367 1055 402 aeternam
1085 359 1239 403 sedem

46 410 204 466 (nam,
255 428 346 471 quo
381 422 490 457 vota
522 413 724 457 Romani
764 413 997 457 dictatoris
1036 428 1238 457 vocave-

49 473 176 521 rant,
215 467 468 525 perlatam3
487 504 490 506 .
506 467 584 512 ubi
610 468 838 525 templum
860 469 902 511 ei
922 469 1074 527 postea
1093 468 1238 523 idem,

50 520 133 577 qui
157 530 375 576 voverat,
413 521 909 568 Camillus‘dedicavit.
977 515 1070 566 Hic
1091 523 1240 584 Vejo-⁶

49 587 157 618 rum
183 576 365 620 obcasus
384 575 474 620 fuit
492 609 505 630 ,
534 577 660 619 urbis
683 578 1045 635 opulentisfimae
1057 578 1240 621 Etrusoi

47 629 254 673 nominis
269 661 282 683 ,
312 630 679 688 magnitudinem
702 636 827 675 suam
855 633 931 675 vel
955 633 1117 675 ultima
1141 633 1241 676 cla-

51 681 110 726 de
129 683 417 728 indicantis*
436 686 556 742 quod
588 684 747 730 decem
769 687 951 729 aestates
971 687 1241 744 hiemesque

49 738 288 781 continuas
327 739 634 788 circumsessa,
686 755 829 798 quum
862 742 966 798 plus
1003 742 1241 798 aliquanto

49 792 252 836 cladium
278 792 520 848 intuliffet,
549 809 686 852 quam
707 796 962 853 adcepiffet,
992 797 1240 854 postremo,

48 846 145 902 jam
178 845 271 890 fato
302 856 402 890 tum
432 849 629 906 denique
658 857 877 906 urgente,
919 851 1134 909 operibus
1169 858 1242 894 ta-

49 913 187 953 men,
216 916 313 945 non
327 902 403 955 vi,
433 911 696 960 expugnata
714 905 786 946 est.

162 955 350 1000 XXIII.
389 957 591 1000 Romam
614 965 662 1000 ut
687 959 958 1003 nunciatum
980 960 1066 1014 est,
1097 959 1241 1015 Vejos

51 1017 234 1068 captos,
263 1024 543 1069 quamquam
563 1018 607 1054 et
623 1012 838 1070 prodigia
868 1022 1114 1072 procurata
1135 1014 1241 1057 fue-

47 1071 178 1118 rant,
225 1072 271 1107 et
300 1072 460 1108 vatum
497 1066 715 1125 responsa
751 1075 798 1110 et
823 1069 1050 1126 Pythicae
1091 1070 1237 1112 sortes

48 1126 186 1161 notae
201 1134 217 1169 3
253 1126 321 1173 et,
362 1126 587 1176 quantum
617 1119 833 1166 humanis
857 1122 1067 1179 adjuvari
1093 1125 1243 1166 confi-

48 1172 126 1216 liis
153 1179 367 1232 potuerat
396 1189 495 1228 res,
539 1173 704 1217 ducem
723 1176 792 1219 M.
822 1177 1047 1226 Furium,
1082 1178 1243 1221 maxi-

49 1240 184 1271 mum
217 1227 553 1293 imperatorum
588 1233 826 1286 omnium,
881 1233 1114 1288 legerantx
1166 1241 1243 1275 t-a-

51 1294 188 1336 men,
232 1297 339 1340 quia
370 1290 440 1326 tot
472 1287 603 1326 annis
635 1289 763 1328 varie
794 1286 861 1329 ibi
888 1286 1111 1330 bellatum
1141 1296 1243 1332 erat

51 1337 317 1393 multaeque
335 1337 485 1380 clades
507 1338 616 1380 adce
652 1347 749 1393 tae,
776 1342 906 1384 velut
923 1357 983 1385 ex
1006 1341 1241 1400 insperato

50 1389 314 1435 inmensum
340 1391 562 1448 gaudium
621 1393 715 1447 uit3
756 1403 826 1444 et,
866 1397 1140 1454 priusquam
1169 1398 1244 1439 se·-

49 1453 185 1489 natus
209 1444 500 1501 decerneret,
529 1447 669 1504 plena
690 1451 850 1493 omnia
867 1452 1044 1509 templa
1061 1450 1244 1494 Roma-

50 1513 222 1545 narum
243 1509 474 1554 matrum,
502 1509 650 1558 grates
675 1502 781 1546 Diis
801 1505 1034 1561 agentium
1049 1538 1062 1558 ,
1094 1514 1240 1549 erant.

51 1554 246 1598 senatus
284 1557 337 1598 iu
363 1555 683 1612 quatriduum,
738 1568 847 1615 quot
886 1560 1069 1602 dierum
1110 1561 1242 1604 nullo
1289 1594 1291 1599 .

52 1615 160 1652 ante
184 1609 323 1664 bello,
352 1609 703 1668 subplicationes
720 1614 939 1657 decernit.
997 1614 1244 1659 Adventus

51 1677 146 1720 quo
178 1671 237 1706 ue
257 1663 520 1717 dictatoris,
559 1665 770 1711 omnibus
793 1667 1030 1711 ordinibus
1057 1669 1246 1713 obviam

53 1717 148 1763 effu
164 1733 228 1770 ιε,
290 1718 589 1771 celebratior,
648 1734 785 1776 quam
836 1723 977 1765 ullius
1022 1738 1247 1780 umquam

54 1779 188 1815 antea
220 1771 308 1815 fuit
318 1787 333 1824 3
381 1772 736 1831 triumphusque
765 1793 953 1820 omnem
981 1780 1245 1822 consuetum

52 1825 319 1871 honorandi
353 1825 446 1870 diei
471 1827 593 1871 illius
618 1831 812 1874 modum
841 1832 1124 1888 aliquantum
1156 1834 1246 1877 eir-

54 1880 195 1924 ccl'fit.
282 1881 492 1925 Maxime
534 1885 798 1941 conspectus
832 1887 927 1945 ipse
963 1888 1048 1941 est,
1102 1902 1248 1932 curru

56 1951 84 1979 e
115 1936 186 1978 uis
209 1935 327 1998 311ῄῆ
343 1936 499 1990 juncto
523 1937 699 1981 Vrbem
719 1942 949 1984 invectus:
985 1957 1246 2000 parumque

53 1990 75 2035 i
126 2005 222 2034 non
240 1992 376 2034 elvlle
396 1991 564 2046 modo,
593 1992 670 2035 sed
691 1995 947 2039 humanum
973 1996 1137 2049 etiam,
1167 2000 1246 2040 vi-

53 2047 173 2090 sum.
226 2045 354 2088 Jovis
385 2046 593 2103 Solisque
627 2052 754 2104 equis
786 2066 837 2093 ae
870 2051 1079 2109 uiparari
1099 2051 1247 2094 dic-ta-

56 2107 220 2152 tor-em,
250 2099 300 2142 in
322 2100 596 2157 religionem
618 2105 758 2148 etiam
779 2114 850 2149 tra
886 2107 1042 2149 ebant:
1073 2107 1247 2149 trium-

55 2152 269 2215 phusque
303 2155 360 2198 ob
393 2170 493 2198 eam
519 2171 661 2201 unam
687 2163 890 2204 maxime
925 2176 1026 2204 rem
1059 2161 1248 2216 clarior,-

58 2223 198 2269 quam
229 2211 428 2269 gratior,
476 2209 581 2256 fuit.
672 2216 800 2263 Tum
832 2217 857 2263 J
866 2216 1009 2260 unoni
1038 2217 1246 2271 Reginae

1124 2278 1247 2315 tem-
